5454 7104
1036 455 1448 532 blrlollalluus
2061 453 2128 527 lat

326 654 570 743 suprascripta
600 655 702 742 pecia
724 655 767 722 de
792 657 885 722 terra
910 673 973 742 per
997 653 1166 721 iamdicta
1189 652 1275 718 fines
1298 653 1336 718 et
1358 667 1564 726 mensuras,
1592 655 1631 718 ut
1654 647 1820 738 superius
1847 649 2009 733 legitur,
2034 665 2184 717 causare

326 812 391 876 aut
412 811 658 880 contradicere
689 809 952 898 presumserint
974 827 1038 896 per
1062 809 1222 896 qualibet
1245 805 1376 882 modis,
1402 824 1465 892 per
1491 804 1569 891 ipsa
1590 804 1725 891 guadia
1747 805 2002 890 obligaberunt
2024 821 2061 872 se
2084 807 2121 871 et
2143 803 2188 871 il-

328 964 442 1031 lorum
466 963 632 1032 eredibus
657 983 867 1051 componere
893 964 1003 1050 ipsius
1026 962 1195 1039 dauferi,
1228 962 1285 1028 vel
1308 964 1348 1029 at
1370 961 1469 1028 illius
1492 958 1638 1037 eredes,
1665 959 1929 1046 quinquaginta
1951 961 2032 1028 auri
2056 959 2186 1027 solidos

326 1116 579 1194 constantines,
605 1120 642 1184 et
664 1114 784 1185 omnia
806 1117 1051 1204 suprascripta
1077 1116 1111 1182 ei
1134 1115 1359 1202 adimpleret.
1386 1115 1461 1181 Dua
1484 1111 1643 1180 iudicata
1665 1112 1748 1180 inde
1774 1113 1933 1181 scribere
1957 1115 2117 1192 lecimus,
2146 1115 2186 1181 ut
2219 1145 2223 1151 ·

327 1288 397 1336 non
421 1269 492 1337 siat
515 1271 760 1338 transmutati:
786 1272 894 1340 istum
917 1271 1089 1357 scriptum
1117 1269 1298 1338 emisimus
1321 1268 1477 1354 ipsorum
1502 1267 1725 1344 machenolfi,
1743 1269 1780 1334 et
1803 1267 1982 1347 ademari,
1999 1273 2036 1335 et
2058 1264 2184 1346 amati,

326 1427 363 1492 et
385 1425 497 1492 alium
521 1425 595 1492 tale
618 1425 737 1492 simile
762 1425 844 1493 inde
868 1423 1049 1492 emisimus
1069 1423 1179 1511 ipsius
1203 1421 1355 1490 dauferi,
1382 1425 1427 1490 Et
1448 1441 1513 1509 pro
1529 1425 1631 1509 parte
1647 1422 1804 1509 ipsorum
1820 1423 2028 1491 machenolfl
2054 1427 2090 1490 et
2105 1423 2188 1490 ade-

326 1578 418 1644 mari
442 1581 479 1644 et
501 1577 616 1646 amati
638 1598 679 1646 oc
702 1578 861 1646 scribere
885 1577 1027 1664 precepi
1051 1575 1117 1644 tibi
1141 1579 1233 1663 petri
1258 1563 1513 1662 protonotario,

1119 2019 1399 2100 MCXLIV

1106 2265 1165 2340 A.
1192 2261 1249 2337 D.
1277 2261 1404 2338 1050

371 2559 398 2649 †
425 2561 464 2626 ln
488 2559 629 2626 nomine
654 2559 788 2626 domini
813 2558 1006 2626 Tricesimo
1039 2561 1144 2626 tertio
1169 2579 1261 2626 arrno
1286 2559 1506 2647 principatus
1529 2557 1650 2625 domni
1672 2558 1786 2625 nostri
1810 2555 2005 2641 Guaymari
2028 2555 2187 2642 glorioso
2302 2577 2303 2580 ’

326 2713 515 2800 principe,
554 2715 591 2779 et
613 2713 819 2780 duodecimo
853 2730 947 2779 anno
971 2712 1122 2780 ducatus
1145 2714 1222 2781 eius
1245 2714 1365 2781 amalfi
1387 2716 1424 2780 et
1446 2714 1626 2798 syrrenti,
1666 2715 1703 2780 et
1727 2711 1915 2779 undecimo
1939 2731 2036 2780 anno
2060 2729 2188 2798 supra-

326 2867 540 2954 scriptorum
572 2867 839 2954 principatuum
862 2869 899 2933 et
921 2867 1117 2935 ducatuum
1143 2868 1263 2935 domni
1287 2869 1419 2953 Gysulil
1442 2867 1519 2936 eius
1552 2867 1618 2934 filii
1641 2867 1766 2934 eximii
1803 2865 1981 2953 principis
2020 2869 2057 2934 et
2090 2863 2186 2946 duci,

327 3039 447 3088 mense
470 3023 675 3096 nobemver,
694 3025 829 3107 quarta
853 3021 1062 3089 indictione.
1087 3022 1379 3090 Memoratorium
1406 3023 1504 3090 sactu
1528 3039 1551 3089 a
1575 3039 1630 3088 me
1646 3021 1822 3089 iohannes
1845 3023 1956 3088 abbas
1972 3019 2187 3088 monasterii

330 3173 444 3242 sancti
468 3173 708 3260 archangeli,
746 3173 838 3260 quod
863 3173 982 3250 situm,
1005 3177 1060 3241 est
1083 3174 1122 3240 in
1145 3193 1246 3241 mons
1269 3173 1388 3241 coraci
1410 3171 1454 3240 de
1477 3172 1626 3248 cilento,
1663 3174 1712 3239 Eo
1737 3171 1830 3259 quod
1863 3174 1951 3241 ante
1974 3173 2188 3259 subscriptis

328 3325 474 3412 ydoneis
498 3326 701 3394 hominibus
724 3328 824 3394 huna
846 3345 926 3393 cum
948 3327 1130 3394 helefanto
1154 3327 1370 3394 advocatore
1405 3324 1558 3413 predicti
1592 3325 1802 3394 monasterii
1845 3324 1891 3393 ad
1936 3325 2191 3411 pastinationis

331 3479 508 3556 hordine,
534 3482 619 3547 nato
644 3481 840 3556 nascente,
878 3477 916 3545 in
938 3478 1049 3546 tertia
1070 3481 1175 3565 parte
1199 3477 1412 3547 tradidimus
1436 3482 1534 3547 huna
1556 3477 1659 3565 pecia
1682 3478 1725 3545 de
1748 3481 1849 3546 terra
1874 3479 2045 3564 predicto
2068 3499 2191 3547 mona-

329 3632 430 3699 sterii
453 3636 579 3703 contra
603 3653 687 3721 pars
710 3634 845 3701 ancilla
867 3632 924 3700 dei
947 3651 1012 3720 per
1036 3649 1076 3700 as
1101 3651 1301 3711 mensuras,
1320 3635 1513 3721 incipiente
1537 3635 1580 3702 de
1603 3633 1680 3720 ipso
1705 3633 1849 3700 termite
1872 3651 1980 3700 secus
2003 3633 2088 3720 ipsa
2113 3634 2188 3711 bia,

330 3791 367 3854 et
390 3787 489 3856 badit
512 3808 535 3858 a
557 3807 642 3877 pars
660 3789 866 3866 occidentis,
891 3791 928 3855 et
951 3787 1051 3855 badit
1065 3789 1202 3855 rectum
1226 3787 1265 3854 in
1281 3807 1365 3874 pars
1388 3787 1664 3874 septemtrionis,
1696 3789 1781 3855 sunt
1796 3786 1890 3874 passi
1907 3786 2061 3874 triginta
2078 3789 2187 3866 huno;

330 3943 367 4006 et
395 3960 417 4010 a
439 3959 524 4028 pars
547 3940 711 4018 meridie,
737 3941 881 4010 abiente
904 3960 1054 4029 perora
1080 3941 1176 4008 iusta
1198 3939 1258 4008 via
1281 3938 1438 4027 publica,
1463 3943 1548 4007 sunt
1569 3939 1665 4028 passi
1689 3939 1966 4028 quinquaginta
1987 3943 2112 4010 nobem
2133 3967 2142 4020 3
2168 3962 2191 4012 a

329 4111 414 4177 pars
436 4092 604 4171 orientis,
630 4093 867 4162 descendente
892 4113 957 4181 per
979 4095 1117 4163 rifaneo
1141 4095 1184 4163 de
1208 4093 1313 4162 vinea
1337 4095 1503 4182 prephati
1527 4095 1754 4173 monasterii,
1782 4097 1887 4164 habet
1910 4097 2006 4184 passi
2030 4097 2189 4186 triginta

333 4266 401 4313 uno
424 4249 461 4314 et
483 4247 644 4315 cubitum
668 4251 819 4316 hunum:
844 4249 887 4317 de
911 4251 1034 4317 subtus
1059 4269 1082 4316 a
1105 4269 1188 4336 pars
1213 4249 1490 4336 septemtrionis,
1508 4249 1677 4317 habiente
1699 4252 1832 4319 contra
1855 4270 1939 4337 pars
1962 4253 2189 4338 septemtrio-

331 4402 401 4479 nis,
426 4403 542 4494 havet
557 4419 706 4488 passos,
731 4401 824 4469 sicut
847 4401 945 4469 badit
969 4405 1006 4469 in
1030 4421 1114 4488 pars
1136 4403 1357 4481 occidentis,
1382 4421 1503 4490 passos
1527 4402 1793 4491 quinquaginta
1816 4409 1916 4482 tres,
1941 4404 2038 4474 mino
2066 4409 2188 4493 palmo

311 4537 415 4632 uno,
440 4555 693 4642 etconiunget
716 4555 880 4624 exomni
902 4559 1005 4643 parte
1029 4575 1197 4625 mensura
1222 4556 1268 4626 ad
1291 4557 1384 4625 iusto
1407 4575 1549 4645 passum
1573 4577 1654 4626 cum
1678 4559 1775 4626 linea
1799 4561 2069 4639 mensuratum,
2088 4563 2188 4632 vobis

332 4707 485 4777 leomari
509 4714 546 4778 et
568 4711 761 4797 grimoaldi
784 4711 967 4798 germanis
990 4715 1026 4779 et
1047 4713 1130 4782 filiis
1153 4715 1308 4801 georgi,
1343 4716 1382 4781 ut
1403 4713 1519 4782 licead
1542 4733 1603 4783 vos
1627 4719 1663 4782 et
1688 4715 1820 4784 vestris
1845 4715 2063 4794 heredibus,
2103 4721 2189 4787 nato

334 4863 532 4942 nesciente,
558 4866 705 4943 fobere,
729 4867 908 4943 lavorare,
934 4866 1041 4936 binea
1064 4869 1275 4954 pastinare,
1301 4869 1413 4958 pomis
1435 4873 1474 4938 et
1495 4869 1627 4939 salices
1649 4873 1819 4958 plantare
1839 4918 1847 4949 ,
1873 4875 1910 4939 et
1931 4869 2047 4939 omnis
2070 4876 2188 4942 vestre

285 5010 286 5013 ’
332 5017 529 5086 hutilitatis
551 5017 710 5086 hiuidem
733 5020 864 5086 facere.
891 5021 936 5087 Et
957 5020 1142 5094 licentiam
1167 5022 1330 5091 habeatis
1353 5022 1392 5090 in
1416 5025 1521 5092 rebus
1544 5023 1697 5111 predicti
1732 4997 1947 5092 monasterii
1966 5025 2129 5112 introyre
2153 5031 2191 5094 ct

334 5172 429 5239 iusta
454 5171 596 5240 ratione
619 5175 763 5240 arbores
786 5171 945 5241 incidere
967 5173 1013 5241 ad
1035 5173 1114 5260 ipsa
1137 5175 1239 5262 pecia
1264 5177 1307 5243 de
1331 5180 1430 5244 terra
1453 5175 1680 5256 cludendum,
1706 5181 1743 5247 et
1765 5179 1941 5265 pedamen
1966 5179 2188 5258 iaciendum,

333 5331 370 5393 et
391 5327 487 5396 inter
514 5328 582 5416 ipsi
606 5327 702 5415 passi
725 5325 887 5398 habeatis
909 5331 1026 5397 vestre
1049 5329 1175 5397 sedilie
1197 5333 1235 5398 et
1256 5333 1334 5399 orto
1358 5331 1450 5400 iusto
1473 5351 1537 5418 per
1571 5331 1746 5420 signulos.
1789 5337 1833 5402 Et
1856 5335 2036 5422 quicquic·
2063 5335 2189 5403 vinum

335 5482 392 5549 vel
415 5483 519 5568 fruge
543 5480 627 5550 inde
649 5481 795 5560 exierit,
822 5501 931 5570 usque
955 5501 1068 5552 annos
1090 5443 1355 5571 septem,vobis
1379 5487 1576 5576 vestrisque
1600 5489 1791 5558 heredibus
1815 5490 1888 5558 sint
1911 5457 2093 5576 potestati,
2110 5492 2192 5557 abs-

336 5651 405 5720 que
425 5637 524 5702 omni
548 5633 807 5702 contrarietate
830 5637 964 5713 nostra,
1000 5639 1037 5704 et
1059 5635 1103 5704 de
1126 5637 1258 5704 nostris
1282 5637 1563 5724 posterioribuS,
1600 5642 1637 5706 et
1659 5659 1742 5727 pars
1777 5640 1893 5727 ipsum
1916 5641 2188 5710 monasterium.

334 5789 417 5855 Post
439 5785 607 5874 completi
630 5787 698 5874 ipsi
721 5789 855 5873 septem
880 5789 964 5854 anni
989 5789 1155 5877 quicquid
1180 5789 1301 5857 vinum
1325 5789 1383 5856 vel
1406 5791 1510 5875 fruge
1533 5788 1614 5857 inde
1637 5791 1779 5870 exierit,
1806 5795 1891 5860 nato
1914 5792 2112 5868 nesciente,
2139 5792 2193 5858 ia-

406 5904 480 5962 Τοι.
500 5917 551 5963 vn.
2002 5911 2035 5966 1⁹
