5398 7106
995 539 1398 616 ntrublllrlcus
2011 539 2078 614 199

270 734 493 820 guaimarii,
519 737 555 802 et
578 735 763 821 gregorii,
791 737 827 802 et
850 734 1011 820 guidoni,
1036 735 1073 802 et
1096 733 1243 802 iohanni
1267 734 1400 802 seniori
1423 734 1536 803 nostri
1561 735 1643 802 illut
1658 734 1698 801 'ei
1723 733 1949 802 tradidimus.
1975 734 2124 820 insuper

272 892 309 956 61
331 887 483 956 tradidit
505 887 539 956 ei
561 907 625 976 per
648 888 791 956 illorum
816 889 1127 957 demandationem
1151 887 1274 957 inclite
1298 889 1400 956 vinee
1424 907 1493 976 que
1516 890 1570 956 661
1594 845 1800 955 veneficium
1817 887 1985 957 iamdicte
2007 890 2121 956 eccle-
2235 887 2238 894 '

270 1041 323 1110 sio
347 1042 384 1108 in
407 1041 482 1128 ipso
505 1043 798 1129 supranominato
822 1043 952 1122 locum,
978 1063 1057 1110 cum
1082 1043 1205 1111 inclita
1230 1045 1335 1112 rebus
1351 1045 1387 1109 ct
1402 1043 1526 1130 pomis,
1553 1044 1614 1132 qui
1637 1041 1706 1110 fuit
1729 1038 1939 1111 nominatibi
1963 1043 2125 1111 radoaldi

270 1194 461 1282 presbiteri
483 1199 608 1265 subtus
631 1200 746 1266 sancti
772 1197 952 1275 clementi,
978 1201 1014 1264 61
1037 1199 1164 1266 1661116
1188 1200 1297 1265 166616
1320 1197 1565 1275 16666616616,
1592 1203 1660 1285 que
1684 1200 1768 1265 sunt
1790 1217 1854 1284 per
1877 1199 1946 1265 dne
1971 1201 2118 1284 caputa-

271 1349 365 1438 quis,
392 1353 429 1418 et
452 1350 597 1418 1666661
619 1353 726 1419 rebus
749 1353 969 1438 pertinentes
992 1351 1144 1438 predicti
1167 1353 1297 1432 sesami
1324 1348 1487 1440 et'‚modo
1510 1355 1565 1421 est
1587 1354 1805 1440 pertinentes
1821 1352 1982 1420 iamdicti
2006 1354 2120 1420 nostri

269 1505 402 1573 seniori
423 1530 431 1583 ;
456 1505 570 1574 totum
593 1508 764 1594 quantum
789 1509 992 1595 quantoque
1015 1507 1296 1592 supradiximus
1322 1507 1405 1574 illut
1428 1507 1460 1574 ei
1485 1511 1548 1595 per
1571 1506 1882 1576 demandationem
1917 1507 2124 1594 supradicti

269 1659 390 1727 domni
415 1659 528 1728 nostri
550 1661 684 1729 seniori
707 1625 884 1735 tradidit,
924 1664 991 1728 tali
1012 1677 1169 1746 namque
1192 1660 1346 1738 ordine,
1388 1662 1428 1728 61
1450 1661 1576 1728 amorio
1599 1663 1637 1728 et
1658 1665 1798 1746 semper
1832 1661 1907 1746 1666
1931 1660 2124 1728 1666116166

270 1813 445 1882 iohannes
467 1815 645 1901 presbiter
670 1818 707 1883 61
729 1818 839 1884 abbas
863 1819 900 1882 et
922 1815 1046 1883 eredes
1069 1815 1146 1882 eius
1169 1815 1198 1882 si
1222 1813 1375 1882 clericus
1399 1818 1462 1882 aut
1485 1814 1662 1900 presbiter
1685 1813 1808 1889 luerit,
1835 1814 1913 1900 ipsa
1936 1814 2123 1881 ecclesiam

272 1970 423 2048 tenere,
449 1973 487 2036 61
509 1969 566 2036 die
590 1973 768 2058 noctuque
792 1966 890 2038 111666
914 1971 1085 2047 officiare,
1111 1971 1205 2038 sicut
1227 1971 1331 2037 decet
1353 1971 1505 2036 ecclesie
1529 1969 1726 2036 forinsecus
1750 1969 1947 2038 senioribus
1971 1968 2126 2042 abbatie,

272 2125 309 2188 et
331 2125 468 2207 quanta
490 2124 618 2188 offerta
640 2139 702 2189 seu
726 2122 906 2190 oblatione
929 2122 1135 2189 annualiter
1170 2123 1208 2190 in
1233 2122 1310 2208 ipsa
1333 2122 1485 2190 ecclesia
1508 2121 1703 2199 introierit,
1728 2125 1842 2190 totum
1868 2123 1950 2191 illut
1985 2121 2050 2190 tibi
2074 2122 2126 2190 io-

275 2277 388 2344 hanni
412 2276 536 2364 tuique
560 2275 752 2350 eredibus,
777 2276 871 2342 sicut
894 2275 1159 2362 supradictum
1184 2277 1265 2352 est,
1291 2275 1378 2342 illut
1402 2275 1500 2343 vobis
1522 2278 1683 2352 aveatis;
1709 2278 1746 2342 et
1768 2277 1905 2344 nullam
1930 2277 2123 2344 sortionem

272 2429 436 2516 partibus
460 2429 573 2498 nostri
595 2429 727 2496 seniori
752 2428 806 2494 vel
830 2427 974 2495 illorum
991 2427 1157 2495 eredibus
1182 2428 1280 2495 vobis
1303 2427 1434 2495 exinde
1457 2428 1583 2496 tollere
1606 2431 1745 2514 querat,
1763 2432 1912 2516 excepto
1935 2429 1965 2495 si
1989 2430 2027 2519 in
2044 2429 2123 2514 ipsa

272 2583 425 2651 ecclesia
447 2583 629 2652 introierit
650 2602 808 2670 pannum
832 2581 1011 2658 sericum,
1036 2585 1100 2650 aut
1125 2585 1260 2659 vobem,
1286 2585 1350 2650 aut
1373 2584 1565 2661 cavallum,
1584 2584 1641 2649 vel
1665 2583 1774 2652 talem
1797 2584 2025 2660 oblationem,
2051 2603 2119 2670 que

271 2739 310 2804 at
334 2737 530 2805 utilitatem
553 2737 666 2824 ipsius
688 2737 838 2804 ecclesie
861 2755 937 2804 esse
960 2755 1126 2813 merear,
1152 2739 1264 2803 totum
1289 2737 1508 2824 permanead
1532 2737 1672 2825 inipsa
1694 2737 1869 2814 ecclesie,
1895 2741 1932 2805 et
1954 2737 2121 2825 partibus

270 2893 383 2959 nostri
406 2892 563 2970 seniori,
590 2895 626 2959 et
648 2893 793 2961 illorum
817 2892 1006 2970 eredibus3
1031 2894 1068 2960 et
1091 2893 1217 2960 amodo
1240 2897 1276 2960 et
1298 2911 1438 2979 semper
1461 2895 1537 2980 ipse
1562 2893 1734 2961 iohannes
1756 2892 1933 2979 presbiter
1957 2895 2015 2960 vel
2039 2911 2122 2960 suos

273 3047 397 3116 eredes
420 3049 566 3116 retdant
587 3049 776 3126 rationem,
803 3050 840 3115 et
862 3047 960 3117 siant
982 3047 1021 3115 in
1044 3047 1199 3116 dominio
1223 3046 1421 3134 supradicti
1444 3047 1563 3114 domni
1587 3045 1697 3116 nostri
1721 3043 1868 3126 seniori,
1896 3050 1951 3115 vel
1976 3048 2020 3114 de
2044 3048 2125 3114 illo

276 3220 355 3268 rum
379 3201 555 3278 eredibus,
569 3201 677 3267 sicuti
700 3205 737 3268 et
760 3198 823 3268 alii
847 3200 952 3267 liveri
975 3199 1096 3267 abbati
1120 3199 1163 3267 de
1187 3199 1336 3266 ecclesie
1359 3201 1502 3267 abbatie
1527 3197 1582 3267 uic
1605 3202 1702 3268 terre
1725 3204 1833 3288 caput
1857 3200 1960 3288 aquis
1984 3202 2125 3268 faciunt

272 3354 328 3422 sui
350 3355 497 3433 seniori,
522 3358 559 3422 61
581 3355 744 3442 quicquit
766 3355 884 3423 causis
908 3355 1097 3424 mobilibus
1121 3347 1155 3421 et
1178 3354 1367 3422 stavilibus
1390 3354 1434 3421 de
1458 3354 1536 3440 ipsa
1558 3352 1727 3421 iamdicte
1750 3353 1928 3428 66616616,
1955 3353 2047 3441 quod
2071 3355 2115 3421 de
2157 3444 2158 3447 Ἴ

266 3529 375 3598 66666
398 3511 583 3588 diximus,
609 3529 678 3600 que
703 3510 802 3578 modo
826 3529 849 3576 a
872 3508 1099 3596 presentibus
1124 3508 1220 3576 vobis
1244 3508 1392 3579 iohanni
1415 3507 1604 3595 presbiteri
1628 3511 1664 3574 61
1687 3509 1808 3576 abbati
1833 3508 2035 3575 remisimus
2062 3528 2122 3596 po·
2146 3599 2147 3602 Ἴ

271 3665 408 3737 1661611,
434 3664 479 3732 ad
503 3663 620 3732 obitus
643 3663 697 3731 tui
720 3667 834 3731 totum
858 3663 943 3729 illut
965 3662 1116 3732 redeant
1138 3663 1176 3728 in
1200 3665 1412 3748 potestatem
1436 3663 1596 3749 predrcte
1619 3662 1788 3738 ecclesie,
1813 3663 1850 3729 et
1873 3663 2034 3749 partibus
2057 3681 2117 3729 no-

265 3822 332 3889 stri
355 3820 501 3896 seniori,
519 3821 575 3886 vel
599 3822 642 3888 de
665 3820 810 3888 illorum
833 3819 1010 3894 eredibus,
1030 3839 1111 3888 eum
1135 3818 1261 3886 inclita
1285 3819 1488 3896 medietate,
1507 3837 1576 3906 que
1598 3837 1662 3904 per
1679 3821 1739 3886 bos
1762 3818 1808 3886 da
1824 3818 1948 3886 amodo
1972 3820 2008 3884 et
2026 3835 2116 3884 sem-

268 3993 332 4062 per
370 3976 543 4062 quautum
569 3976 772 4061 quantoque
797 3975 834 4040 16
859 3972 936 4060 1666
959 3972 1107 4040 ecclesie
1131 3971 1346 4060 conquidere
1370 3972 1563 4059 potuerint.
1584 4027 1585 4031 ,
1604 3971 1756 4058 Reliqua
1779 3991 1862 4040 vero
1886 3972 1962 4039 alia
1985 3990 2040 4037 me
2050 3971 2122 4038 die·

267 4127 342 4194 tate
366 4107 463 4194 siant
485 4128 604 4193 vestre
627 4129 794 4211 potestati
819 4130 856 4194 et
879 4126 923 4194 de
946 4129 1025 4194 1666
1048 4124 1231 4196 heredes,
1251 4125 1453 4194 faciendum
1476 4125 1606 4192 exinde
1629 4125 1776 4204 omnia,
1814 4143 1882 4213 quo
1906 4125 1972 4193 tibi
1997 4125 2121 4212 tuique

265 4281 432 4348 eredibus
455 4281 646 4368 placuerit,
671 4285 804 4369 absque
827 4283 923 4348 omni
947 4282 1204 4376 contrarietate
1227 4298 1312 4368 pars
1335 4280 1449 4347 nostri
1471 4277 1617 4356 seniori,
1636 4280 1692 4346 vel
1708 4279 1752 4346 de
1775 4279 1917 4348 illorum
1935 4279 2116 4356 eredibus,

268 4439 333 4503 661
355 4436 484 4524 cuique
508 4435 722 4504 homiuibus.
750 4439 794 4503 Et
816 4436 847 4502 si
872 4438 950 4522 post
971 4435 1089 4503 obitus
1113 4433 1184 4501 tuis
1207 4433 1331 4502 eredes
1355 4433 1508 4500 clericus
1533 4434 1590 4498 vel
1614 4430 1805 4518 presbiteri
1829 4433 2033 4512 dimiserit,
2060 4435 2121 4523 qui

267 4609 332 4676 per
355 4608 393 4657 se
416 4590 495 4677 ipsa
517 4589 669 4671 ecclesia
692 4607 831 4675 regere,
856 4589 1014 4656 officiare
1037 4606 1126 4656 vene
1149 4565 1317 4674 potuerit,
1344 4589 1384 4654 ut
1405 4587 1569 4654 omnibus
1592 4587 1710 4654 causis
1734 4587 1790 4653 vel
1814 4587 2008 4665 animabis,
2028 4587 2121 4676 quod

271 4743 314 4810 de
338 4760 445 4828 super
468 4741 652 4819 diximus,
677 4743 774 4810 siant
797 4745 834 4810 in
858 4741 934 4810 eius
958 4743 1169 4828 potestatem
1193 4739 1232 4808 in
1255 4739 1427 4807 iamdicto
1449 4740 1601 4816 ordine,
1626 4741 1720 4807 sicut
1743 4739 1895 4828 desuper
1919 4741 2120 4810 declaravi-

267 4915 359 4974 mus;
384 4896 430 4964 ad
453 4915 557 4963 suum
581 4915 735 4982 namque
758 4895 893 4963 obitum
918 4857 1031 4961 totum
1056 4893 1207 4960 redeant
1230 4891 1268 4959 in
1291 4894 1452 4980 partibus
1475 4892 1644 4961 iamdicte
1667 4893 1816 4961 ecclesie
1851 4891 1888 4960 61
1910 4894 2027 4962 domni
2053 4915 2115 4963 no-

266 5051 334 5118 stri
358 5049 505 5135 seniori,
526 5041 566 5116 Ι61
589 5049 632 5116 de
655 5049 801 5115 illorum
825 5048 961 5126 eredes,
988 5049 1082 5116 siout
1105 5048 1423 5133 supradiximus,
1463 5052 1613 5134 excepto
1637 5049 1715 5135 ipsa
1738 5049 1928 5118 medietate
1952 5049 1995 5118 de
2019 5051 2119 5118 illius

267 5191 518 5291 conquisitum,
543 5204 640 5272 siant
664 5205 703 5272 in
727 5203 824 5271 illius
847 5204 1028 5290 potestati,
1046 5203 1153 5271 sicuti
1177 5203 1329 5289 desuper
1352 5203 1586 5272 declaratum¹
1601 5205 1669 5271 esti
1695 5205 1739 5270 nt
1771 5204 1897 5271 amodo
1928 5208 1965 5271 et
1988 5205 2126 5294 somp'er

235 5325 239 5330 ⁵
269 5359 481 5444 potestatem
505 5361 638 5427 aveant
660 5376 745 5443 pars
768 5357 883 5425 nostri
906 5356 1040 5425 seniori
1064 5357 1122 5425 vel
1145 5357 1290 5425 illorum
1314 5357 1439 5425 eredes
1461 5357 1541 5444 ipsa
1563 5357 1715 5425 ecelesia
1754 5358 1811 5425 vel
1834 5357 1908 5426 suis
1943 5363 2049 5428 rebus
2083 5367 2132 5458 et¹

266 5515 384 5582 causis
407 5511 505 5582 omni
528 5517 689 5602 tempore
716 5507 935 5600 requirendi,
962 5515 1002 5580 ut
1024 5511 1064 5580 16
1087 5509 1197 5580 66166
1220 5508 1409 5599 6661161661
1431 5516 1468 5580 61
1491 5532 1561 5581 666
1584 5511 1800 5600 dispereant
1821 5515 1865 5581 ut
1886 5533 1928 5583 oc
1951 5513 2115 5589 dicimus,

266 5674 306 5738 ut
331 5671 428 5738 bobis
451 5666 597 5738 iohanni
621 5659 810 5756 presbiteri
834 5671 871 5736 et
893 5667 1015 5735 abbati
1039 5669 1095 5735 vel
1120 5671 1211 5746 tuos,
1229 5637 1330 5736 sicut¹
1345 5667 1513 5746 diximus,
1534 5667 1657 5736 eredes
1679 5667 1775 5737 omni
1798 5687 1891 5737 anno
1906 5668 1982 5755 ipse
2006 5667 2112 5738 vinee

269 5823 433 5893 veneficii
457 5827 538 5892 acto
563 5825 722 5910 tempore
746 5821 916 5892 lavoretis
939 5826 976 5890 et
998 5821 1168 5904 concietis
1190 5823 1234 5890 de
1256 5819 1424 5911 superet
1447 5823 1492 5891 de
1519 5827 1671 5901 subtus,
1710 5826 1804 5892 sicut
1827 5825 1901 5912 ipse
1925 5823 2026 5892 'locus
2050 5844 2120 5892 me-
