5454 7104
638 463 684 555 li
1262 483 1437 559 consx
1470 485 1730 561 taunasis

585 676 837 763 obligaverunt
859 697 897 745 se
920 683 957 746 et
980 678 1123 747 illorum
1147 680 1324 759 eredibus,
1350 682 1442 770 quod
1465 683 1495 750 si
1512 682 1635 749 taliter
1656 685 1776 750 omnia
1798 684 2043 770 suprascripta
2058 703 2122 771 per
2137 683 2340 776 supradicto
2360 687 2448 752 l1or-

585 831 666 899 dine
690 831 790 899 nobis
812 851 884 900 non
907 833 1159 921 adinpleverit,
1184 837 1221 902 et
1243 836 1375 924 aliquit
1398 836 1480 905 inde
1504 837 1777 914 contradixerit,
1795 857 1859 924 per
1882 838 2142 906 combenientia
2165 857 2228 925 per
2252 838 2329 925 ipsa
2351 857 2444 925 gua-

584 985 644 1054 dia
667 1005 876 1074 componere
898 987 1127 1074 obligaverat
1163 1007 1201 1057 se
1224 992 1261 1056 et
1283 989 1428 1058 illorum
1460 992 1624 1060 eredibus
1647 992 1773 1068 nobis,
1810 993 1868 1059 vel
1907 993 1945 1061 in
1969 1012 2052 1080 pars
2076 993 2242 1060 iamdicte
2278 997 2443 1072 ecclesie,

581 1140 845 1228 quinquaginta
867 1143 949 1210 auri
971 1143 1100 1210 solidos
1124 1145 1442 1213 constantinianus.
1468 1149 1505 1212 et
1527 1167 1567 1214 oc
1591 1166 1840 1225 memoramus,
1867 1147 1952 1235 quia
1975 1149 2021 1215 ad
2045 1148 2122 1236 ipsa
2146 1146 2307 1218 maralda
2329 1113 2366 1217 et
2389 1153 2435 1220 ad

582 1296 660 1383 ipsa
682 1315 825 1384 gemma
847 1297 974 1366 inclita
989 1299 1098 1367 tertia
1121 1319 1205 1386 pars
1229 1302 1274 1370 ad
1298 1301 1361 1368 ille
1385 1301 1610 1382 tradidimus,
1628 1305 1785 1390 qualiter
1809 1307 1871 1372 ille
1895 1303 1995 1372 modo
2020 1305 2196 1373 residente
2219 1311 2314 1375 sunt.
2341 1307 2441 1386 Quod

580 1453 706 1540 scripsi
730 1472 795 1540 ego
819 1455 942 1540 petrus
965 1455 1139 1522 notarius.

622 1607 650 1701 †
674 1611 747 1695 Ego
771 1608 936 1677 radechis
959 1629 1015 1677 me
1039 1610 1235 1698 subscripsi

623 1762 650 1853 †
674 1765 748 1849 Ego
772 1763 974 1832 romoaldus
998 1781 1054 1831 me
1078 1764 1286 1852 subscripsi.

1319 2057 1693 2071 m*

1456 2349 1587 2430 MCI

1358 2696 1416 2770 A.
1445 2693 1502 2768 D.
1532 2695 1657 2771 1048

614 2935 641 3024 †
666 2935 704 3002 ln
728 2933 871 3002 nomine
893 2933 1029 3001 domini
1055 2931 1235 3000 tricesimo
1259 2951 1353 3000 anno
1377 2931 1599 3018 principatus
1623 2931 1741 2998 domni
1766 2933 1878 2998 nostri
1901 2933 2093 3019 guaimarii
2126 2935 2272 3020 gloriosi
2296 2937 2432 3022 princi-

481 3091 483 3094 ’
571 3089 638 3176 pis,
665 3091 709 3156 Et
731 3089 866 3155 decimo
893 3086 921 3170 ¹)
945 3107 1040 3154 anno
1067 3085 1219 3154 ducatus
1243 3087 1321 3154 eius
1345 3086 1496 3162 amalfis
1522 3087 1567 3152 Et
1589 3083 1683 3152 nono
1706 3104 1797 3152 anno
1820 3085 1971 3153 ducatus
1994 3088 2069 3154 eius
2084 3087 2243 3165 sirrenti,
2261 3092 2298 3155 ct
2320 3090 2428 3176 septi-

573 3266 629 3312 mo
652 3265 746 3312 anno
769 3243 992 3332 principatus
1018 3247 1054 3310 et
1069 3243 1225 3330 ipsorum
1250 3244 1444 3312 ducatuum
1461 3243 1581 3310 domni
1605 3241 1725 3328 gisulfi
1740 3243 1865 3310 eximii
1888 3243 2061 3348 principis
2084 3249 2120 3310 et
2135 3244 2234 3311 ducis
2258 3245 2323 3312 tilii
2339 3247 2434 3354 eius?

572 3420 691 3468 mense
714 3400 857 3477 martio,
882 3399 1000 3486 prima
1023 3399 1230 3466 indictione.
1272 3402 1346 3484 Ego
1370 3402 1552 3466 balsamus
1576 3399 1668 3488 tilius
1691 3399 1868 3485 quondam
1893 3399 2050 3476 falconi,
2090 3399 2187 3467 Sicut
2215 3401 2323 3468 michi
2347 3421 2435 3468 con-

569 3575 700 3640 gruum
724 3558 779 3622 est
802 3573 881 3622 mea
905 3556 1090 3622 boluntate
1117 3574 1182 3640 per
1205 3573 1274 3622 anc
1298 3556 1478 3622 cartulam
1501 3573 1622 3622 coram
1646 3553 1828 3640 presentia
1851 3552 2018 3620 ddemari
2054 3554 2192 3621 comitis
2226 3560 2263 3621 ct
2298 3555 2434 3622 iudicis

573 3709 685 3777 bendo
710 3709 775 3776 tibi
803 3709 867 3775 leti
890 3709 1080 3796 presbiteri
1105 3707 1176 3775 lilio
1200 3708 1379 3794 quondam
1403 3706 1478 3773 ursi
1503 3706 1581 3773 Una
1603 3705 1705 3792 pecia
1728 3705 1771 3772 de
1797 3708 1895 3772 terra
1918 3726 1997 3773 cum
2015 3708 2202 3774 arboribus
2225 3711 2261 3773 et
2277 3710 2428 3774 bacuum

570 3883 639 3932 uno
663 3863 821 3930 teniente
845 3863 882 3930 in
905 3863 1022 3930 locum
1046 3863 1277 3931 transboneia
1300 3861 1430 3930 finibus
1454 3859 1731 3936 mitilianensis,
1758 3859 1817 3926 ubi
1842 3861 1980 3928 niciano
2004 3861 2162 3938 dicitur3
2196 3881 2263 3948 que
2289 3865 2343 3928 cst
2365 3881 2431 3948 per

570 4017 634 4082 hec
656 4014 736 4080 linis
759 4016 796 4080 et
819 4033 1016 4082 mensuras.
1043 4016 1073 4080 A
1097 4018 1199 4101 parte
1223 4013 1372 4081 meridie
1394 4014 1465 4080 fine
1489 4014 1571 4101 poiu
1595 4016 1632 4080 et
1654 4009 1855 4100 sepe'intus
1879 4013 1956 4100 ipsa
1979 4016 2084 4082 rebus
2109 4020 2354 4083 mensuratum
2373 4035 2431 4083 re-

573 4171 630 4235 cte
652 4167 748 4255 passi
770 4169 934 4252 triginta,
962 4172 999 4236 et
1022 4171 1176 4238 rebolbit
1199 4170 1301 4256 quasi
1324 4169 1363 4237 in
1386 4187 1470 4256 pars
1494 4167 1644 4236 meridie
1667 4167 1762 4254 passi
1787 4167 1927 4254 biginti,
1946 4172 1982 4235 et
2006 4172 2215 4237 rebolbente
2236 4173 2375 4237 rectum
2391 4170 2430 4237 in

569 4323 673 4407 parte
695 4320 891 4390 occidentis
918 4323 1014 4411 passi
1037 4323 1159 4392 decem
1183 4327 1219 4392 et
1242 4325 1377 4412 septem
1402 4342 1513 4412 usque
1537 4323 1652 4390 medio
1675 4321 1781 4390 flubio
1804 4323 2001 4408 gabatale:
2036 4323 2090 4389 ΑΙ)
2113 4321 2191 4408 ipsa
2214 4325 2316 4408 parte
2340 4323 2432 4391 occi-

571 4477 687 4545 dentis
710 4478 944 4547 descendente
972 4500 1035 4567 per
1057 4500 1122 4550 ore
1144 4480 1187 4547 de
1210 4479 1285 4566 ipso
1302 4479 1408 4547 flubio
1431 4480 1468 4548 in
1492 4483 1595 4566 parte
1617 4479 1765 4547 orientis
1789 4478 1882 4566 passi
1896 4481 2048 4546 'centum
2065 4478 2328 4566 quinquaginta
2346 4479 2430 4548 duo:

567 4633 597 4698 A
620 4635 724 4717 parte
746 4634 896 4702 orientis
921 4635 1135 4702 ascendente
1159 4653 1223 4720 per
1246 4632 1363 4700 media
1385 4651 1511 4712 serra,
1547 4633 1699 4720 indeque
1723 4636 1759 4700 et
1781 4633 2018 4718 coniungente
2042 4633 2079 4700 in
2103 4632 2177 4719 ipso
2202 4632 2306 4718 poiu,
2332 4633 2428 4718 passi

569 4788 711 4854 centum
735 4787 856 4855 decem
881 4791 917 4854 et
941 4791 1065 4855 nobem
1100 4790 1138 4854 et
1171 4789 1355 4866 medium3
1392 4791 1505 4856 totum
1528 4791 1774 4856 mensuratum
1798 4787 1889 4854 iusto
1913 4805 2018 4874 passu
2043 4787 2214 4854 hominis.
2256 4785 2428 4854 lamdicta

565 4941 668 5026 pecie
691 4941 734 5008 de
758 4944 858 5009 terra
882 4961 945 5028 per
969 4941 1157 5010 iamdictos
1180 4943 1269 5010 lines
1293 4945 1329 5009 et
1352 4901 1537 5023 mensuras
1560 4941 1723 5008 inclitam
1740 4941 1840 5007 illam
1864 4941 1930 5008 tibi
1953 4940 2167 5018 benuudedi,
2186 4959 2294 5028 quam
2318 4943 2355 5005 et
2370 4939 2433 5004 be·

565 5093 723 5161 nundedi
747 5093 834 5174 tibi,
861 5100 1034 5182 quantum
1058 5101 1263 5186 quantoque
1289 5096 1339 5164 ibi
1362 5095 1589 5166 coniunctum
1613 5115 1635 5162 a
1658 5097 1753 5162 foras
1777 5095 1872 5181 ipsas
1896 5113 2083 5162 mensuras
2107 5088 2218 5162 michi
2242 5098 2297 5161 est
2319 5092 2432 5180 perti-

564 5251 717 5326 nentes,
742 5249 791 5316 ibi
814 5251 1041 5320 coniunctum
1067 5273 1146 5321 cum
1173 5253 1340 5322 omnibus
1363 5253 1462 5320 intra
1484 5251 1598 5337 ipsam
1624 5249 1883 5318 bendictionem
1906 5249 2120 5328 abentibus,
2156 5254 2192 5316 et
2215 5249 2289 5317 suis
2316 5247 2433 5335 perti-

564 5403 709 5482 nentiis,
734 5406 771 5470 et
793 5421 874 5470 cum
897 5402 974 5470 bice
997 5403 1040 5472 de
1063 5401 1121 5473 bia
1145 5424 1223 5482 sua,
1250 5405 1287 5470 et
1310 5404 1422 5472 nichil
1447 5403 1556 5472 michi
1580 5403 1629 5472 ibi
1652 5404 1881 5472 coniunctum
1906 5403 2093 5480 remansit,
2126 5406 2193 5479 set,
2218 5403 2311 5470 sicut
2335 5400 2430 5480 dixi,

500 5520 504 5529 Ι
563 5557 722 5624 funditus
746 5558 830 5624 illut
854 5557 918 5626 tibi
940 5557 1099 5646 predicto
1123 5557 1189 5626 leti
1212 5558 1402 5646 presbiteri
1429 5557 1655 5636 benundedi,
1691 5577 1771 5624 cum
1796 5558 1872 5624 bice
1906 5556 1950 5625 de
1986 5555 2184 5624 monimene
2216 5577 2261 5624 ex
2300 5556 2430 5624 eadem

602 5711 624 5788 ¹)
645 5710 747 5773 Nouo.
