5454 7104
954 493 1376 578 cl'rtouurtcus
2014 493 2082 570 ⁴73

271 705 347 794 ipso
370 701 525 771 mirandi
546 701 620 769 tilio
643 701 679 768 et
701 700 886 768 mundoalt
908 717 1024 775 suum,
1050 703 1087 766 et
1111 715 1182 765 una
1206 715 1286 763 cum
1309 696 1405 764 illut.
1442 697 1486 762 Et
1510 714 1578 761 unc
1603 699 1748 765 brebem
1773 685 1901 785 scripsi
1926 703 2000 785 Ego
2024 697 2127 782 trup-

270 859 419 949 poaldus
442 857 594 928 clericus
617 861 653 925 et
676 857 848 925 notarius.

316 1013 344 1104 †
366 1017 442 1101 Ego
464 1013 720 1082 machenolfus.

317 1165 345 1257 †
368 1169 442 1252 llgo
466 1165 648 1234 iohannes.

1063 1545 1319 1628 MCLXII

1038 1791 1096 1867 A.
1125 1791 1182 1866 D.
1211 1793 1334 1868 1052

314 2121 342 2214 ἦ
367 2127 405 2191 ln
429 2125 570 2192 nomine
593 2124 726 2192 domini
752 2125 931 2194 tricesimo
955 2127 1084 2213 quarto
1107 2144 1201 2192 anno
1225 2127 1449 2212 principatus
1472 2126 1593 2194 domni
1616 2126 1730 2194 nostri
1753 2128 1949 2195 Guaimarii
1973 2129 2126 2214 gloriosi

268 2278 454 2367 principis,
479 2283 516 2346 et
539 2279 781 2347 tertiodecimo
805 2299 898 2348 anno
921 2281 1072 2348 ducatus
1095 2285 1170 2348 eius
1195 2281 1340 2348 Amallis
1364 2284 1400 2348 et
1423 2280 1579 2357 sirrenti,
1606 2285 1642 2348 et
1665 2282 1801 2349 decimo
1825 2301 1918 2351 anno
1942 2284 2121 2371 principa-

269 2435 371 2500 tuum
396 2437 433 2500 et
455 2435 611 2521 ipsorum
636 2434 828 2501 ducatuum
851 2434 972 2501 domni
995 2433 1115 2520 gisulii
1137 2434 1261 2502 eximii
1285 2437 1455 2524 principis
1479 2440 1513 2503 et
1536 2437 1636 2504 ducis
1659 2437 1724 2505 tilii
1748 2436 1836 2514 eius,
1853 2458 1974 2506 mense
1999 2441 2124 2506 lanua-

272 2592 337 2662 rio‚
364 2591 491 2676 quinta
508 2587 714 2655 Indictione.
741 2589 1030 2656 Memoratorium
1047 2591 1181 2657 factum
1206 2611 1228 2658 a
1245 2611 1306 2660 nos
1324 2592 1508 2679 laquintus
1530 2593 1624 2660 tilius
1640 2595 1819 2681 quondam
1835 2596 1945 2680 ysari,
1960 2598 1997 2662 et
2013 2615 2124 2664 ursus

269 2744 363 2810 filius
386 2743 565 2832 quondam
590 2744 729 2812 raidolfi
753 2745 815 2831 qui
838 2764 959 2812 sumus
982 2764 1120 2812 socrum
1144 2747 1180 2811 et
1202 2765 1388 2830 generum,
1426 2749 1519 2813 Ante
1542 2749 1759 2834 subscriptos
1794 2748 1935 2815 idoneos
1959 2749 2124 2816 homines

270 2916 335 2984 per
357 2899 607 2966 convenientia
630 2902 669 2966 at
691 2899 882 2966 tenendum
906 2900 943 2965 et
965 2899 1201 2966 lavorandum
1224 2897 1374 2965 tradidit
1397 2899 1497 2966 nobis
1521 2901 1693 2967 lohannes
1709 2899 1843 2968 domini
1866 2901 1990 2985 gratia
2006 2903 2124 2967 Abbas

276 3054 482 3120 monasterii
506 3055 623 3150 sancti
646 3054 768 3140 angeli
791 3058 828 3120 et
850 3056 973 3120 sancte
996 3053 1079 3120 solie
1102 3055 1162 3119 siti
1187 3053 1283 3120 intus
1307 3055 1400 3120 hanc
1424 3053 1683 3121 salernitanam
1707 3053 1903 3130 civitatem,
1931 3072 2008 3120 una
2046 3073 2127 3121 cum

269 3206 520 3276 advocatorem
546 3209 702 3276 eiusdem
726 3208 945 3284 monasterii,
965 3207 1093 3275 Inclita
1117 3226 1186 3274 una
1209 3208 1369 3276 clusuris
1392 3209 1435 3276 de
1459 3212 1558 3275 terra
1581 3227 1661 3276 cum
1677 3210 1822 3275 arbusto
1838 3207 1990 3275 vitatum
2014 3211 2051 3274 et
2066 3227 2125 3294 po-

271 3361 400 3429 mifera
423 3363 661 3449 pertinentem
685 3363 918 3450 suprascripti
943 3361 1151 3430 monasterii
1176 3361 1245 3429 ista
1261 3365 1365 3448 parte
1380 3362 1485 3429 llubio
1502 3361 1701 3448 pecentino,
1719 3361 1779 3428 ubi
1795 3361 1882 3428 siler
1898 3362 2043 3440 dicitur,
2063 3361 2124 3450 qui

268 3517 323 3581 est
346 3534 410 3602 per
433 3517 498 3582 has
521 3517 607 3583 lines
630 3519 667 3583 et
690 3536 886 3584 mensuras:
905 3535 950 3583 ex
973 3517 1069 3583 omui
1093 3518 1196 3602 parte
1220 3516 1289 3583 tine
1312 3516 1549 3604 suprascripti
1572 3516 1791 3593 monasteria
1809 3520 1845 3582 et
1862 3519 1907 3584 ab
1926 3516 2088 3584 occident
2112 3565 2120 3588 ,

268 3668 363 3735 sicut
384 3687 465 3754 sepo
490 3671 526 3733 et
548 3668 607 3734 via
630 3668 713 3735 inde
737 3668 920 3746 discernit,
946 3671 1028 3736 avet
1052 3686 1172 3754 passos
1195 3669 1387 3753 sexaginta
1409 3672 1514 3734 octo:
1552 3667 1753 3736 Ameridie
1777 3673 1861 3736 avet
1884 3689 2004 3756 passos
2027 3673 2122 3737 octo·
2175 3731 2179 3738 .

271 3821 375 3906 ginta
397 3826 502 3900 octo;
528 3825 574 3890 ab
596 3823 733 3890 oriente
758 3825 841 3890 avet
863 3843 983 3909 passos
1007 3823 1071 3891 alii
1093 3823 1283 3908 sexaginta
1306 3827 1412 3890 octo:
1450 3825 1479 3889 A
1504 3824 1757 3911 septemtrione
1781 3827 1863 3892 avet
1885 3843 2006 3912 passos
2028 3827 2123 3892 octo-

267 3976 373 4061 ginta
395 3997 472 4045 sex.
498 3979 622 4043 Totum
647 3979 890 4044 mensuratum
915 3979 953 4043 at
976 3978 1069 4044 iusto
1092 3996 1236 4064 passum
1260 3977 1426 4044 hominis.
1468 3984 1539 4044 Hec
1564 3980 1683 4046 autem
1707 3979 1868 4065 predicta
1891 3981 2055 4048 clusuria
2078 3981 2121 4047 de

271 4134 371 4200 terra
394 4151 458 4221 per
481 4131 576 4218 ipsas
599 4133 686 4199 fines
709 4136 746 4200 et
769 4151 953 4200 mensuras
977 4133 1075 4200 nobis
1100 4133 1249 4200 tradidit
1283 4131 1358 4219 ipse
1383 4132 1532 4199 domnus
1554 4135 1663 4202 abbas
1687 4153 1768 4202 cum
1792 4135 1867 4202 vice
1891 4136 1934 4202 de
1961 4136 2017 4203 via
2040 4153 2117 4202 sua.

268 4292 348 4358 'lali
372 4291 500 4360 tinore,
519 4291 558 4354 ut
574 4289 698 4356 amodo
722 4291 759 4355 et
781 4306 920 4374 semper
943 4306 1006 4355 nos
1030 4291 1066 4354 et
1091 4292 1228 4356 nostros
1252 4289 1401 4356 heredes
1425 4288 1503 4375 ipsa
1527 4289 1721 4357 traditione
1747 4292 1943 4366 teneamus,
1961 4293 1998 4354 et
2021 4293 2118 4358 fovee

269 4448 308 4512 et
332 4463 455 4512 omnes
478 4447 598 4512 nostre
624 4443 790 4510 utilitatis
815 4441 864 4510 ibi
888 4441 1060 4508 iaciamus
1084 4442 1177 4510 iusta
1201 4443 1351 4520 ratione,
1378 4447 1415 4510 et
1438 4444 1569 4512 ibidem
1595 4463 1766 4531 ponamus
1790 4443 1949 4511 homines
1973 4447 2011 4510 at
2035 4447 2121 4512 resi-

268 4597 436 4674 dendum,
461 4601 498 4664 et
520 4597 724 4664 annualiter
748 4600 830 4683 apto
854 4601 1011 4683 tempore
1036 4599 1110 4664 tota
1134 4597 1212 4682 ipsa
1236 4597 1428 4664 traditione
1451 4599 1495 4664 de
1518 4616 1625 4683 super
1649 4601 1685 4662 et
1707 4597 1750 4663 de
1767 4553 1890 4682 supter
1913 4599 2118 4666 lavoremus

272 4756 309 4818 et
330 4751 536 4828 studiemus,
562 4752 655 4819 sicut
677 4751 861 4829 meruerit,
880 4755 920 4818 ut
942 4768 1081 4836 semper
1106 4753 1197 4817 bona
1221 4753 1348 4836 pareat
1371 4751 1536 4817 lavorata
1559 4753 1595 4815 et
1618 4748 1787 4825 studiata,
1806 4757 1843 4814 et
1859 4749 2015 4834 qualiter
2035 4770 2119 4836 quo-

267 4905 356 4973 tidie
379 4905 540 4993 proflciat
564 4909 599 4972 et
622 4925 691 4986 non
715 4905 903 4990 dispereat,
919 4909 956 4970 et
979 4922 1123 4970 arvores
1146 4907 1183 4970 et
1207 4903 1297 4969 vites
1321 4903 1452 4970 ibidem
1469 4904 1670 4990 plantemus
1694 4904 1730 4967 et
1746 4903 2034 4988 propaginemus,
2057 4904 2116 4970 ubi

216 5113 229 5122 .
265 5062 450 5138 meruerit,
476 5063 512 5127 et
534 5063 671 5128 clusum
698 5061 779 5126 illut
801 5078 939 5144 semper
964 5063 1125 5125 tueamus
1151 5059 1243 5124 unde
1268 5059 1452 5132 meruerit,
1470 5061 1507 5124 et
1529 5075 1669 5142 semper
1692 5057 1735 5122 de
1759 5075 1842 5123 aree
1865 5061 1902 5123 et
1925 5057 1969 5124 de
1993 5058 2115 5124 vinde-

266 5218 338 5285 mie
362 5215 533 5284 saciamus
549 5217 640 5284 scire
656 5218 792 5302 partem
804 5169 1042 5302 suprascripti
1060 5211 1280 5290 monasterii,
1300 5215 1339 5278 ut
1355 5211 1405 5278 ibi
1418 5211 1553 5296 dirigat
1568 5211 1711 5278 missum
1729 5231 1844 5290 suum,
1871 5214 1966 5281 etde
1982 5214 2114 5288 omnia,

260 5391 334 5458 que
356 5372 407 5440 ibi
430 5372 735 5448 seminaverimus,
754 5371 876 5438 demus
899 5369 982 5435 inde
1006 5366 1052 5434 ad
1075 5367 1190 5453 ipsum
1215 5365 1361 5433 missum
1385 5366 1505 5452 ibique
1529 5367 1574 5433 ad
1591 5386 1677 5434 area
1695 5368 1903 5435 terraticum
1915 5368 2114 5436 secuudum

262 5525 481 5594 consuetudo
504 5524 547 5590 de
572 5525 686 5610 ipsum
709 5523 838 5597 locum;
864 5524 900 5587 et
923 5520 1038 5606 ipsum
1061 5521 1246 5587 arbustum
1270 5521 1307 5584 et
1330 5537 1460 5604 poma,
1487 5537 1555 5606 quc
1579 5519 1628 5585 ibi
1652 5521 1818 5596 abuerit,
1850 5523 1933 5606 apto
1958 5523 2116 5606 tempore

261 5680 438 5750 faciamus
461 5678 611 5747 salbum.
638 5681 674 5745 et
697 5677 781 5744 illut
803 5673 1058 5742 vindemiemus
1081 5676 1118 5739 et
1140 5672 1364 5758 colligamus,
1390 5673 1483 5739 sicut
1505 5672 1690 5750 meruerit,
1716 5677 1753 5740 et
1775 5673 1901 5741 inclita
1926 5674 2116 5741 medietate

270 5833 316 5901 de
340 5851 477 5901 omnem
501 5811 621 5899 vinum
646 5851 751 5920 quem
774 5830 823 5898 ibi
847 5829 1061 5904 fecerimus,
1096 5830 1132 5894 et
1154 5827 1199 5895 de
1223 5825 1301 5913 ipsa
1324 5847 1429 5914 poma
1454 5827 1573 5914 ibique
1597 5829 1719 5897 demus
1745 5830 1789 5897 ad
1814 5830 1929 5917 ipsum
1954 5829 2113 5906 missum,
