5398 7106
624 541 692 618 18⁰
1250 533 1430 612 consil
1474 534 1728 610 detunsis

574 737 673 806 sibus
697 735 961 824 quinquaginta
985 735 1109 802 nobem
1136 735 1172 800 et
1196 733 1348 802 revolvit
1370 731 1409 799 in
1433 735 1536 818 parte
1560 729 1722 798 meridiei
1743 729 1906 817 passibus
1929 723 2195 814 quinquaginta
2218 725 2254 788 et
2278 738 2359 787 uno:
2388 720 2425 784 et

574 889 728 958 revolbit
749 890 787 957 in
811 893 913 976 parte
936 887 1132 956 occidentis
1157 888 1251 975 passi
1275 889 1408 974 viginti
1431 889 1522 955 octe:
1547 891 1583 955 et
1607 885 1758 954 revolbit
1791 885 1830 951 in
1853 885 1956 969 parte
1991 879 2157 948 meridiei
2192 873 2286 963 passi
2304 981 2306 984 Ι
2322 891 2424 940 sexa·

569 1044 675 1132 ginta
697 1062 774 1110 sex.
801 1046 846 1110 Et
869 1043 1021 1110 revolvit
1044 1061 1108 1130 per
1131 1042 1245 1128 ipsam
1269 1045 1409 1128 partem
1433 1040 1594 1108 meridiei
1620 1038 1792 1125 usquein
1816 1038 1911 1105 viam
1935 1034 2115 1122 publicam
2141 1030 2235 1119 passi
2254 1029 2425 1114 sexagin-

569 1199 622 1266 ta.
650 1201 692 1266 Et
716 1215 780 1284 per
803 1197 916 1284 ipsam
942 1196 1036 1264 viam
1062 1195 1215 1263 revolvit
1238 1195 1275 1261 in
1299 1197 1438 1281 partem
1462 1193 1724 1281 septemtrionis
1747 1191 1843 1278 passi
1866 1189 2164 1278 quattuordecim.
2205 1187 2249 1250 Et
2273 1181 2424 1248 revolvit

570 1353 606 1417 in
631 1353 770 1437 partem
793 1349 943 1417 orientis
968 1350 1061 1438 passi
1084 1347 1279 1435 sexaginta
1301 1366 1378 1416 sex:
1404 1351 1441 1415 et
1467 1348 1621 1415 revolvit
1643 1348 1679 1414 in
1704 1349 1842 1434 partem
1866 1340 2130 1430 septemtrionis
2153 1358 2262 1425 usque
2292 1339 2328 1404 in
2353 1353 2424 1402 me·

568 1502 669 1570 dium
693 1501 843 1568 limitem
867 1502 963 1588 passi
986 1502 1140 1588 triginta
1163 1500 1321 1568 duobus:
1347 1503 1383 1567 et
1408 1497 1559 1566 revolvit
1581 1498 1620 1564 in
1642 1499 1783 1584 partem
1805 1475 1952 1562 orientis
1991 1513 2054 1581 per
2077 1491 2231 1560 medium
2266 1487 2423 1555 limitem

573 1655 669 1743 passi
692 1657 857 1742 triginta:
883 1660 919 1724 et
943 1657 1094 1724 revolvit
1117 1657 1156 1723 in
1179 1659 1316 1742 partem
1341 1652 1607 1740 septemtrionis
1630 1671 1693 1738 per
1717 1649 1870 1716 medium
1894 1648 2044 1715 limitem
2069 1649 2164 1732 passi
2189 1653 2342 1711 centum.
2380 1644 2424 1707 Et

570 1809 728 1876 revolvit
750 1811 788 1878 in
812 1815 952 1897 partem
977 1810 1125 1878 orientis
1149 1812 1243 1896 passi
1269 1809 1422 1895 triginta
1459 1811 1549 1874 octo.
1577 1809 1621 1872 llt
1646 1799 1798 1873 revolvit
1822 1805 1859 1874 in
1889 1806 2029 1908 partem
2065 1800 2327 1887 septemtrionis
2361 1814 2424 1882 per

580 1962 732 2032 limitem
755 1965 846 2052 passi
871 1965 1147 2052 quinquaginta.
1175 1966 1220 2031 Et
1243 1963 1395 2030 revolvit
1417 1963 1455 2030 in
1481 1965 1621 2048 partem
1646 1960 1839 2028 occidentis
1864 1977 1974 2044 usque
1998 1957 2036 2023 in
2059 1955 2303 2042 supradictam
2329 1955 2422 2018 viam

579 2118 675 2205 passi
698 2121 841 2186 centum
865 2118 1056 2194 undecim,
1093 2121 1129 2184 et
1152 2136 1197 2183 ex
1222 2116 1318 2182 omni
1343 2119 1446 2202 parte
1470 2116 1614 2182 termini
1638 2114 1702 2180 flxi
1726 2115 1822 2180 sunt.
1850 2113 1947 2178 lnlra
1980 2109 2242 2197 suprascriptas
2278 2108 2366 2173 fines
2389 2107 2425 2170 et

572 2291 764 2341 mensuras
787 2273 960 2339 dixerunt
984 2271 1167 2358 pertinere
1191 2270 1351 2357 pnldulfo
1374 2270 1463 2338 duas
1486 2271 1605 2356 pecias
1630 2267 1672 2335 de
1696 2267 1804 2334 terris
1829 2285 1936 2332 unam
1960 2283 2024 2351 per
2047 2282 2232 2332 mensuras
2268 2267 2302 2327 et
2323 2261 2421 2328 lines:

573 2427 603 2490 A
629 2427 732 2512 parte
754 2424 949 2492 occidentis
971 2425 1051 2492 finis
1076 2428 1154 2512 ipsa
1177 2423 1236 2492 via
1259 2424 1404 2511 publica
1426 2425 1463 2490 et
1485 2423 1580 2510 passi
1606 2420 1737 2508 viginti
1761 2424 1846 2487 tres:
1873 2423 1903 2484 A
1919 2421 2022 2505 parte
2049 2417 2212 2484 meridiei
2228 2410 2322 2501 passi
2339 2433 2426 2503 qua-

572 2578 743 2666 draginta
766 2581 847 2648 duo.
889 2581 1044 2667 Aperte
1068 2580 1216 2648 orientis
1239 2580 1334 2666 passi
1358 2576 1511 2664 triginta
1534 2595 1624 2644 sex:
1667 2576 1821 2661 Aperte
1848 2571 2113 2659 septemtrionis
2152 2571 2247 2658 passi
2272 2569 2423 2658 triginta

567 2735 646 2800 octo
671 2737 708 2800 et
731 2733 899 2801 medium.
927 2736 1089 2802 Alteram
1114 2754 1177 2821 per
1201 2752 1412 2801 mensuras:
1438 2752 1459 2799 a
1483 2735 1586 2819 parte
1610 2727 1773 2797 meridiei
1798 2727 1894 2815 passi
1918 2731 2060 2794 centum
2084 2727 2225 2812 viginti.
2267 2729 2296 2792 A
2321 2733 2423 2812 parte

567 2887 767 2955 occidentis
790 2888 885 2974 passi
910 2888 1040 2974 viginti
1065 2891 1156 2955 octo:
1183 2890 1213 2954 A
1236 2891 1338 2974 parte
1361 2887 1623 2974 septemtrionis
1647 2884 1743 2972 passi
1772 2887 1922 2952 centum
1946 2885 2067 2951 decem
2091 2885 2127 2949 et
2149 2887 2240 2948 octo:
2267 2883 2296 2946 A
2321 2885 2423 2967 parte

574 3041 723 3108 orientis
737 3040 842 3134 passi
866 3039 998 3126 viginti
1022 2997 1112 3107 octe.
1139 3040 1335 3106 Secundum
1360 3027 1532 3107 dixerunt
1555 3059 1631 3107 esse
1654 3041 1692 3107 in
1716 3043 1792 3108 loco
1822 3042 1883 3107 ubi
1908 3037 2107 3126 paganinia
2130 3036 2288 3110 dicitur,
2326 3036 2424 3102 intra

575 3213 684 3280 quam
708 3192 878 3281 pomifero
903 3197 1048 3260 arbores
1073 3196 1156 3260 sunt
1178 3211 1242 3280 per
1265 3194 1352 3260 fines
1375 3197 1409 3260 et
1432 3213 1630 3261 mensuras:
1657 3197 1686 3260 A
1710 3197 1816 3280 parte
1840 3192 2001 3260 meridiei
2027 3191 2124 3278 passi
2148 3189 2278 3277 viginti
2302 3193 2339 3256 et
2354 3207 2425 3254 me-

570 3347 698 3415 dium:
737 3367 758 3414 a
782 3349 885 3433 parte
908 3345 1056 3414 orientis
1079 3345 1172 3432 passi
1197 3347 1316 3414 decem
1342 3349 1378 3413 et
1402 3367 1527 3444 novem
1551 3351 1587 3414 et
1609 3347 1767 3416 cubitum
1793 3367 1929 3415 unum:
1973 3348 2004 3412 A
2037 3349 2141 3433 parte
2163 3343 2425 3432 septemtrionis

571 3503 666 3590 passi
691 3503 809 3570 decem
833 3507 870 3569 et
892 3505 1025 3587 septem
1050 3506 1087 3569 et
1110 3503 1266 3570 cubitum
1294 3523 1415 3578 unum,
1442 3506 1472 3570 A
1495 3508 1598 3589 parte
1633 3503 1828 3570 occidentis
1860 3505 1964 3570 linem
1990 3503 2090 3568 viam
2116 3501 2210 3587 passi
2235 3500 2363 3586 viginti
2387 3501 2424 3565 et

571 3657 730 3722 cubitum
756 3674 878 3721 unum.
905 3655 1059 3722 Tertiam
1084 3653 1220 3740 peciam
1246 3653 1414 3721 dixerunt
1437 3673 1513 3722 esse
1538 3654 1573 3721 in
1601 3657 1677 3724 loco
1703 3655 1761 3722 ubi
1785 3660 1907 3742 supter
1925 3654 2080 3721 iuratum
2104 3653 2248 3729 dicitur,
2276 3671 2345 3738 que
2369 3654 2424 3722 est
2492 3711 2495 3722 .

571 3828 636 3896 per
659 3811 744 3876 lines
768 3814 804 3875 et
828 3828 1039 3876 mensuras:
1076 3810 1106 3874 A
1131 3812 1233 3894 parte
1268 3810 1531 3895 septemtrionis
1556 3809 1652 3896 passi
1676 3809 1917 3896 quadraginta
1940 3813 2017 3876 octo
2042 3811 2079 3874 et
2106 3809 2258 3874 revolvit
2281 3806 2318 3873 iu
2342 3825 2422 3892 par-

572 3967 649 4030 tem
676 3962 870 4030 occidentis
894 3962 988 4048 passi
1013 3962 1196 4036 tredecim,
1223 3965 1267 4028 Et
1291 3964 1441 4030 revolvit
1465 3963 1502 4030 in
1527 3967 1664 4050 partem
1681 3965 1828 4032 orientis
1852 3967 1887 4030 et
1903 3963 2175 4048 transgreditur
2189 3961 2305 4028 rivum
2328 3961 2423 4047 passi

572 4117 764 4203 sexaginta
788 4116 957 4203 quinque:
984 4119 1013 4181 A
1037 4123 1140 4202 parte
1164 4116 1313 4183 meridie
1336 4118 1431 4202 passi
1456 4117 1609 4204 triginta
1633 4139 1770 4185 novem:
1797 4121 1827 4184 A
1851 4120 1953 4204 parte
1977 4115 2171 4183 occidentis
2199 4115 2295 4202 passi
2318 4133 2423 4184 sexa·

568 4269 673 4358 ginta
697 4271 878 4356 quattuor.
906 4271 949 4335 Et
974 4269 1124 4336 revolvit
1148 4268 1186 4336 in
1210 4269 1323 4356 ipsam
1348 4273 1487 4356 partem
1512 4270 1706 4338 occidentis
1730 4269 1824 4356 passi
1848 4270 1968 4337 decem
1991 4271 2028 4336 et
2045 4269 2172 4336 medio.
2199 4271 2243 4334 nt
2271 4269 2424 4366 revolvit

567 4425 609 4493 in
632 4428 735 4511 parte
758 4424 1021 4510 septemtrionis
1045 4425 1140 4510 passi
1163 4443 1240 4492 sex.
1267 4427 1311 4492 Et
1335 4426 1490 4493 revolvit
1515 4427 1551 4493 in
1575 4429 1713 4511 partem
1738 4425 1931 4493 occidentis
1955 4425 2049 4512 passi
2074 4425 2260 4494 undecim.
2303 4427 2348 4491 Et
2371 4443 2425 4493 re-

569 4577 685 4644 volvit
708 4575 746 4642 in
769 4578 907 4661 partem
933 4575 1197 4662 septemtrionis
1220 4578 1315 4665 passi
1334 4579 1518 4646 sedecim:
1546 4581 1590 4644 Et
1614 4578 1765 4645 revolvit
1787 4578 1826 4645 in
1849 4581 1987 4666 partem
2018 4577 2215 4647 occidentis
2250 4597 2362 4666 usque
2386 4579 2422 4648 in

571 4729 728 4796 medium
753 4729 904 4797 limitem
929 4730 1025 4815 passi
1051 4731 1233 4818 quattuor.
1258 4733 1288 4797 A
1312 4733 1415 4818 parte
1438 4731 1642 4810 occidentis,
1660 4733 1753 4800 siout
1777 4733 1851 4820 ipse
1875 4733 1977 4800 limes
2001 4733 2173 4801 discernit
2196 4735 2232 4801 et
2256 4737 2352 4821 passi
2369 4735 2422 4802 vi·

569 4882 664 4968 ginti
688 4901 764 4950 sex.
793 4880 838 4949 Et
862 4882 1014 4950 revolvit
1038 4883 1076 4962 in
1099 4887 1238 4970 partem
1262 4885 1411 4952 orientis
1435 4885 1530 4972 passi
1554 4883 1809 4972 quadraginta.
1835 4845 2194 4972 Quartampeeiam,
2221 4907 2289 4974 que
2313 4888 2421 4956 estin

571 5035 648 5102 loco
666 5037 847 5112 ridiliano‚
875 5056 943 5123 que
959 5037 1093 5104 dicitur
1108 5037 1152 5106 de
1168 5039 1347 5116 asterada,
1374 5039 1546 5108 dixerunt
1557 5056 1633 5120 esse
1649 5057 1710 5125 per
1733 5037 1813 5106 finis
1829 5043 1866 5105 et
1882 5057 2084 5109 mensuras.
2111 5045 2140 5108 A
2156 5045 2259 5128 parte
2273 5043 2422 5111 orientis

568 5191 665 5277 passi
690 5191 932 5277 quadraginta
955 5195 1089 5278 septem
1114 5193 1233 5260 miuus
1257 5193 1376 5260 cubito
1401 5211 1524 5260 unum.
1565 5193 1595 5258 A
1619 5193 1721 5278 parte
1745 5191 2013 5278 septemtrionis
2038 5192 2133 5278 passi
2159 5191 2423 5278 quinquaginta

569 5361 649 5411 sex.
675 5344 704 5408 A
729 5347 832 5429 parte
857 5343 1050 5412 occidentis
1074 5344 1169 5430 passi
1195 5333 1544 5432 triginta'quattuor
1567 5347 1603 5412 et
1625 5345 1793 5412 medium.
1834 5348 1995 5432 Aperte
2017 5345 2166 5412 meridie
2189 5347 2293 5413 finem
2328 5349 2422 5416 viam

569 5499 607 5564 et
633 5497 730 5582 passi
754 5497 999 5585 quadraginta
1022 5501 1100 5566 octo
1124 5498 1242 5566 minus
1265 5499 1423 5567 cubitum
1450 5520 1574 5579 unum:
1601 5500 1853 5587 suprascriptis
1880 5500 2070 5568 mensuriis
2108 5501 2201 5569 iusto
2224 5521 2366 5589 passum
2389 5509 2425 5573 et

569 5649 676 5736 pedes
700 5669 827 5719 manus
850 5651 1004 5718 hominis
1028 5652 1257 5720 mensuratis.
1284 5655 1328 5719 nt
1351 5671 1397 5719 ex
1422 5671 1464 5721 eo
1489 5654 1594 5742 quod,
1623 5653 1718 5722 sicut
1740 5654 2020 5742 suprascriptum
2044 5657 2110 5734 est,
2134 5675 2172 5724 se
2196 5659 2328 5725 habere
2351 5661 2423 5729 cla·

568 5801 827 5882 rifleaberunt·;
869 5809 1036 5891 quartam
1062 5805 1203 5890 partem
1227 5801 1400 5874 dixerunt
1423 5806 1605 5893 pertinere
1628 5805 1696 5893 ipsi
1721 5825 1860 5894 gemme
1894 5827 1958 5895 per
1985 5827 2089 5878 suum
2112 5812 2320 5898 morgincap
2355 5813 2420 5880 sivi
