5452 7108
574 432 620 506 dl
1209 431 1386 506 Obbux
1433 433 1700 508 CAVENSIS

525 627 643 696 calice
666 632 703 697 et
724 631 857 716 patena
879 629 922 696 de
946 631 1129 714 stagnum,
1155 631 1233 698 tina
1250 607 1391 708 maiore
1415 651 1487 700 una
1509 635 1547 698 et
1571 651 1643 700 una
1665 632 1815 708 minore,
1839 635 1876 698 et
1898 633 2068 701 tractorie
2092 633 2139 701 da
2163 633 2285 702 binum
2298 637 2383 712 tres;

525 787 563 850 et
585 802 655 869 per
680 800 802 848 omnes
826 801 938 849 annos
962 782 1071 849 deant
1093 782 1161 870 ipsi
1184 785 1343 852 stefanus
1366 786 1403 850 et
1425 787 1549 872 petrus
1572 783 1610 850 in
1634 802 1718 870 pars
1741 783 1852 870 ipsius
1876 785 2024 852 ecclesie
2046 785 2162 853 sancti
2186 787 2337 854 maximi
2349 787 2387 854 in

527 956 635 1025 pasca
659 933 924 1002 resurrexionis
950 933 1096 1014 domini,
1122 939 1159 1002 et
1182 935 1220 1003 in
1243 935 1415 1003 nativitas
1438 935 1584 1014 domini,
1610 938 1647 1003 et
1668 936 1708 1003 in
1723 935 1915 1004 festivitate
1931 936 2047 1003 sancti
2063 937 2209 1014 andree,
2230 957 2302 1005 una
2316 938 2389 1006 sin-

525 1089 640 1176 gnula
663 1088 767 1175 paria
783 1087 827 1154 de
842 1089 1000 1166 obblate,
1019 1093 1055 1154 et
1072 1088 1300 1156 medietatem
1316 1088 1358 1155 de
1374 1087 1477 1165 ciria,
1502 1108 1571 1176 que
1586 1089 1625 1156 in
1640 1089 1719 1175 ipsa
1730 1089 1882 1157 ecelesia
1897 1089 2109 1157 intraberid:
2127 1093 2206 1176 post
2221 1091 2380 1159 hobitum

527 1241 685 1326 ipsorum
709 1239 841 1306 stefani
858 1242 894 1305 et
909 1241 1036 1326 petrus
1051 1238 1130 1326 ipsa
1145 1239 1297 1307 ecclesia
1312 1260 1394 1308 cum
1405 1231 1541 1320 omnia,
1561 1261 1629 1329 que
1644 1260 1754 1329 supra
1769 1243 1937 1321 diximus,
1955 1243 2118 1312 conciata
2134 1247 2170 1312 et
2186 1245 2388 1331 coopertum

529 1397 659 1462 bonum
684 1392 817 1460 redead
840 1393 886 1461 ad
910 1395 1123 1479 potestatem
1146 1391 1262 1460 sancti
1286 1393 1449 1472 maximi,
1475 1413 1556 1461 cum
1579 1397 1655 1463 tota
1677 1395 1755 1482 ipsa
1778 1397 1924 1464 mobilia
1939 1395 2140 1464 faciendum
2157 1397 2288 1464 exinde
2304 1415 2389 1483 pars

531 1547 692 1634 predicte
715 1546 864 1614 ecclesie
886 1546 1003 1614 sancti
1030 1545 1180 1614 maximi
1203 1547 1323 1614 omnia
1358 1547 1450 1632 quod
1474 1547 1665 1615 voluerint.
1692 1548 1789 1615 Unde
1813 1549 1851 1616 in
1874 1568 1915 1616 eo
1946 1549 2071 1618 ordine
2095 1569 2158 1636 per
2185 1568 2277 1616 vona
2300 1525 2383 1616 con'-

532 1700 717 1769 benientia
739 1699 909 1786 guadiam
934 1699 1043 1766 michi
1075 1699 1150 1785 ipse
1174 1700 1333 1766 stefanus
1360 1701 1538 1786 presbiter
1560 1705 1597 1768 et
1620 1704 1835 1781 monachuS,
1860 1707 1897 1770 et
1919 1707 2041 1789 petrus
2065 1703 2261 1770 monachus
2284 1702 2387 1769 dede-

533 1859 630 1932 runt,
657 1857 694 1920 et
717 1853 951 1920 mediatorem
975 1853 1084 1920 michi
1108 1853 1226 1938 posuit
1248 1853 1386 1938 seipsis,
1412 1856 1449 1920 et
1463 1873 1528 1939 per
1543 1855 1656 1942 ipsam
1672 1856 1842 1942 guadiam
1857 1855 2032 1942 obligavit
2043 1874 2093 1924 se.
2109 1855 2206 1934 Quod
2220 1855 2250 1922 si
2267 1855 2389 1922 taliter

531 2006 656 2076 omnia
678 2005 925 2094 suprascripta
947 2025 1011 2092 per
1034 2005 1238 2092 supradicto
1262 2007 1412 2074 hordine
1436 2006 1558 2084 michi,
1584 2008 1641 2073 vel
1654 2007 1692 2074 in
1704 2028 1788 2095 pars
1803 2009 1961 2095 predicte
1977 2009 2127 2078 ecclesie
2143 2008 2259 2077 sancti
2275 2008 2391 2076 maxi-

532 2161 583 2228 mi
608 2179 679 2227 non
702 2160 980 2246 adinpleveriut,
1009 2163 1045 2226 et
1068 2159 1199 2245 aliquit
1221 2158 1305 2226 inde
1328 2161 1602 2240 contradixerit,
1628 2181 1693 2248 per
1708 2162 1957 2264 conbenientia
1972 2183 2036 2250 per
2049 2163 2127 2250 ipsa
2143 2162 2278 2248 guadia
2297 2181 2390 2228 com-

533 2332 666 2402 ponere
690 2313 944 2399 obligaverunt
966 2331 1004 2379 se
1027 2312 1145 2399 ipsum
1168 2315 1327 2380 stefanus
1350 2315 1539 2400 presbiter,
1565 2317 1602 2382 et
1624 2316 1740 2402 ipsum
1763 2317 1886 2402 petrus
1909 2317 2103 2384 monachus
2128 2315 2250 2392 michi,
2276 2315 2333 2382 vel
2348 2314 2388 2381 in

531 2487 616 2556 pars
640 2467 798 2555 predicte
822 2467 971 2534 ecclesie
996 2467 1150 2554 triginta
1168 2467 1255 2534 ¹auri
1278 2467 1406 2535 solidos
1430 2467 1747 2535 constantinianos.
1784 2466 1881 2545 Quod
1903 2467 2030 2553 scripsi
2053 2486 2119 2554 ego
2142 2469 2265 2556 petrus
2292 2467 2405 2533 nota-.

532 2623 618 2690 rius.
644 2623 893 2688 Veruntamen
917 2639 958 2686 oc
983 2638 1234 2698 memoramus,
1260 2621 1471 2705 potestatem
1495 2623 1665 2688 abeamus
1688 2621 1804 2708 ipsum
1826 2623 1986 2688 stefanus
2009 2620 2185 2710 presbiter
2208 2621 2245 2688 et
2268 2621 2390 2706 petrus

531 2776 724 2841 monachus
749 2773 967 2859 pingnerare
991 2771 1105 2839 omnis
1120 2772 1265 2863 illorum
1289 2790 1398 2838 causa
1421 2771 1583 2860 legitimo
1599 2776 1635 2840 et
1650 2773 1862 2859 inlegitima
1877 2775 1986 2841 etiarn
2006 2779 2043 2840 et
2065 2773 2225 2860 personis
2241 2772 2386 2840 illorum

531 2927 879 3014 conpreendendum,
904 2925 1016 2992 donec
1031 2925 1151 2992 omnia
1166 2925 1412 3012 suprascripta
1424 2925 1524 2992 nobis
1540 2927 1765 3012 complirent;
1791 2927 1883 3013 quod
1895 2925 2075 2994 subiunsit
2085 2945 2151 3012 ego
2167 2927 2392 3014 supradictus

531 3084 657 3167 petrus
680 3080 854 3148 notarius.

577 3234 604 3326 †
630 3237 703 3320 Ego
728 3234 888 3301 ademari
913 3233 1075 3300 notarius
1098 3249 1154 3298 me
1178 3231 1372 3318 subscripsi

580 3389 607 3481 †
630 3393 704 3474 Ego
728 3387 961 3475 truppoaldus
985 3386 1146 3454 notarius
1170 3405 1225 3453 me
1248 3385 1454 3472 subscripsi.

1220 3675 1700 3691 ffl——u

1290 3966 1635 4048 MLXXVIII

1319 4183 1379 4259 A.
1406 4180 1464 4255 D.
1492 4179 1616 4256 1047

480 4339 483 4346 ⁴
580 4384 675 4476 ,tm
701 4386 869 4452 uoums
894 4386 1046 4452 nonum
1071 4385 1226 4451 uosrru
1249 4383 1378 4451 mrsu
1402 4381 1582 4450 oumsrr.
1607 4381 1735 4480 Quina
1758 4398 1852 4448 anno
1875 4379 2017 4466 imperii
2032 4381 2151 4450 oomni
2176 4379 2396 4450 constantini

535 4537 772 4615 monomachi,
798 4539 918 4604 Mense
941 4537 1088 4624 aprelis,
1114 4537 1384 4614 Quintadecima
1407 4535 1615 4604 indictione.
1641 4538 1715 4622 Ego
1738 4535 1913 4604 nikolaus'
1927 4534 2050 4603 divina
2072 4535 2194 4622 gratia
2220 4534 2397 4622 archiepi-

535 4709 673 4778 scopus,
700 4691 886 4759 undecimo
910 4710 1004 4758 anno
1028 4689 1255 4777 pontificatus
1278 4689 1348 4756 mei
1371 4691 1518 4756 sanctae
1541 4687 1634 4755 sedis
1657 4685 1851 4756 canusinae
1874 4686 2057 4764 ecclesiae,
2074 4686 2283 4765 Olaresacio,
2312 4705 2397 4773 quo-

537 4846 635 4914 niam
658 4864 800 4913 marcus
824 4844 1041 4912 venerabilis
1065 4845 1258 4911 monachus
1281 4845 1389 4929 atque
1413 4843 1523 4910 abbas
1546 4839 1718 4907 ecclesiae
1740 4840 1886 4906 sanctae
1901 4838 2076 4906 trinitatis
2099 4839 2274 4906 lavoravit
2288 4833 2396 4906 uuam

537 4998 725 5067 ecclesiam
747 4997 901 5066 vicinius
925 5000 992 5064 hac
1016 4997 1164 5065 civitate
1187 4995 1266 5064 bari
1290 4995 1488 5082 propinquo
1512 5011 1614 5059 muro
1637 4991 1676 5059 in
1699 4992 1775 5078 ipso
1798 4993 1875 5057 orto
1909 4991 1953 5056 de
1976 4989 2145 5058 iamdicto
2179 4991 2396 5060 monasterio
2489 5023 2493 5030 ·

538 5154 577 5222 in
600 5157 734 5222 honore
756 5156 962 5222 sanctorum
986 5153 1187 5236 martyrum
1211 5148 1378 5217 iohannis
1401 5151 1438 5214 et
1462 5145 1573 5233 pauli;
1601 5144 1826 5230 Tandemque
1849 5143 1949 5210 venit
1971 5144 2017 5210 ad
2041 5163 2098 5211 me
2121 5145 2270 5213 nimium
2302 5150 2399 5214 obse-

400 5303 405 5312 '
538 5310 725 5387 orandum,
751 5312 929 5398 quatenus
953 5327 1016 5394 pro
1040 5305 1203 5374 mercede
1226 5304 1369 5372 animae
1393 5319 1495 5370 meae
1518 5315 1706 5386 pergerem
1729 5297 1768 5363 in
1790 5296 2033 5383 supradictum
2056 5301 2174 5366 ortum
2199 5302 2236 5365 et
2258 5299 2399 5368 dedica-

539 5465 672 5533 remei
695 5466 932 5552 praephatam
955 5461 1158 5528 ecclesiam.
1184 5459 1285 5526 Nunc
1309 5459 1430 5524 autem
1454 5457 1546 5522 bona
1568 5471 1649 5520 mea
1674 5451 1859 5518 voluntate
1881 5449 2045 5520 dedicavi
2068 5470 2132 5520 nec
2156 5471 2227 5521 non
2251 5453 2399 5520 exaudit

539 5634 670 5706 praece
692 5616 769 5684 eius
791 5613 960 5683 libertavi
983 5612 1017 5678 ei
1041 5611 1154 5698 ipsam
1178 5607 1379 5674 ecclesiam.
1405 5609 1444 5674 In
1466 5625 1510 5674 ea
1533 5605 1676 5694 quidem
1699 5604 1850 5681 ratione,
1867 5606 1907 5672 ut
1929 5605 2053 5672 amodo
2073 5607 2110 5672 et
2131 5605 2297 5693 deinceps
2320 5627 2399 5694 per-

540 5769 658 5858 petuis
681 5768 898 5856 temporibus
921 5769 999 5832 tam
1014 5763 1088 5840 ille,
1107 5780 1213 5848 quam
1237 5765 1274 5828 et
1296 5779 1377 5829 suos
1393 5761 1549 5848 posteros
1572 5761 1718 5828 abbates
1733 5759 1923 5846 praephati
1945 5757 2152 5826 monasterii
2174 5763 2320 5828 sanctae
2335 5761 2400 5828 tri·
