5398 7106
646 545 715 616 lea
879 594 884 602 .
1307 534 1483 608 CODEX
1514 533 1774 604 cll'nltsls

598 717 684 807 dicti
711 733 929 811 iohannacii,
955 731 1089 801 tradidi
1105 730 1151 798 ad
1176 730 1368 798 tenendum
1385 733 1422 796 et
1437 729 1665 798 residendum
1681 725 1842 796 meraldo
1857 727 2056 814 presbitero
2070 726 2142 793 lilio
2158 724 2332 813 quondam
2346 731 2429 814 petri

595 891 777 976 integram
801 861 936 954 terram
959 903 1040 951 cum
1063 902 1148 951 casa
1170 882 1295 968 lignea
1319 885 1481 950 solarata
1504 883 1708 969 pertinente
1731 881 1843 968 ipsius
1877 881 2027 948 ecclesie
2050 899 2114 966 per
2143 881 2230 948 lines
2254 882 2290 948 et
2312 902 2434 954 mensu·

596 1061 685 1120 ras,
711 1041 803 1108 iusto
827 1039 915 1126 pede
939 1055 1065 1104 manus
1099 1037 1255 1104 hominis
1290 1041 1544 1114 mensuratas3
1581 1040 1618 1104 et
1640 1040 1696 1104 est
1718 1038 1797 1124 ipsa
1819 1041 1920 1106 terra
1943 1041 1980 1104 et
2002 1055 2086 1104 casa
2109 1057 2131 1104 a
2152 1055 2260 1123 super
2282 1041 2318 1105 et
2338 1058 2435 1128 prope

601 1195 715 1282 ipsam
739 1194 938 1262 eeclesiam:
966 1193 997 1256 Α
1020 1193 1123 1279 parte
1147 1190 1298 1257 meridie
1321 1145 1411 1276 erga
1434 1190 1598 1257 anditum
1628 1189 1739 1276 ipsius
1762 1191 1913 1258 ecclesie
1936 1191 2042 1276 pedes
2064 1191 2275 1268 duodecim;
2300 1209 2321 1258 a
2343 1197 2435 1279 parte

597 1347 791 1439 occidentis
814 1346 922 1434 pedes
946 1345 1143 1423 duodecim;
1169 1345 1199 1410 A
1224 1345 1326 1430 parte
1350 1343 1613 1427 septemtrionis
1636 1344 1743 1429 pedes
1766 1343 1971 1422 duodecim;
1997 1363 2020 1412 a
2043 1347 2146 1432 parte
2169 1345 2318 1412 orientis
2340 1349 2437 1433 pedes

599 1503 662 1570 alii
685 1500 883 1578 duodecim,
908 1518 955 1567 ex
978 1500 1074 1567 omni
1097 1504 1201 1586 parte
1223 1495 1301 1565 finis
1326 1495 1438 1584 ipsius
1461 1498 1621 1565 ecclesie.
1649 1498 1725 1566 Tali
1749 1498 1901 1566 hordine
1918 1501 1957 1566 ut
1978 1499 2104 1566 amodo
2127 1501 2164 1566 et
2186 1517 2298 1585 usque
2320 1499 2439 1587 viginti

599 1675 725 1725 novem
750 1655 837 1722 anni
861 1655 1042 1742 completi,
1067 1653 1239 1721 iamdicta
1262 1655 1363 1720 terra
1386 1657 1423 1718 et
1446 1671 1532 1720 casa
1555 1670 1619 1739 per
1644 1653 1831 1720 iamdictas
1854 1653 1942 1719 lines
1965 1654 2002 1719 et
2025 1654 2224 1722 mensurias
2248 1672 2327 1720 cum
2349 1657 2438 1723 scala

601 1811 735 1897 lignea,
762 1826 831 1896 que
854 1808 905 1876 ibi
927 1808 1046 1895 posita
1069 1809 1124 1874 est
1146 1825 1169 1874 a
1191 1807 1297 1892 parte
1320 1805 1471 1872 meridie
1494 1810 1531 1873 et
1554 1824 1635 1873 cum
1660 1805 1861 1882 mineaneo,
1879 1805 1972 1892 quod
1996 1808 2050 1873 est
2083 1823 2191 1892 super
2213 1807 2290 1894 ipso
2313 1807 2440 1891 andito,

601 1964 740 2029 etcum
764 1960 959 2028 stillicidiis
981 1957 1056 2027 suis
1079 1961 1177 2025 estre
1200 1957 1314 2045 ipsam
1338 1957 1569 2036 mensuriam,
1587 1961 1625 2024 et
1647 1959 1804 2045 qualiter
1827 1958 1929 2026 modo
1952 1959 2117 2028 conciata
2140 1962 2177 2027 et
2199 1961 2363 2030 edificata
2385 1970 2443 2042 est,

602 2115 647 2182 ad
672 2134 772 2182 suam
797 2117 834 2182 et
856 2133 1001 2182 suorum
1025 2113 1198 2180 heredum
1222 2110 1271 2179 sit
1293 2114 1482 2198 potestate,
1508 2115 1545 2178 et
1569 2113 1659 2179 illud
1685 2116 1843 2189 teneant,
1869 2116 1907 2180 et
1930 2113 2133 2192 resideant;
2159 2115 2248 2182 etsi
2274 2117 2446 2186 voluerint

600 2267 760 2335 homines
782 2268 828 2334 ad
852 2267 1078 2334 residendum
1102 2266 1141 2333 in
1165 2267 1234 2333 hea
1258 2265 1420 2342 mictant,
1446 2269 1483 2333 et
1504 2266 1619 2334 omnis
1643 2265 1786 2334 illorum
1809 2267 1986 2335 utilitates
2009 2267 2106 2336 iusta
2129 2269 2307 2337 rationem
2330 2271 2380 2340 ibi
2401 2274 2449 2338 la-

600 2421 710 2500 ciant,
736 2427 772 2489 et
795 2421 873 2509 ipsa
896 2440 981 2490 casa
1005 2441 1086 2489 cum
1111 2421 1394 2508 ligneaminibus
1418 2421 1532 2498 bonis,
1558 2425 1595 2489 et
1618 2423 1827 2510 cooperiant
1848 2423 1942 2491 sicul
1965 2423 2149 2501 meruerit,
2168 2425 2249 2492 etsi
2276 2427 2449 2495 voluerint

601 2578 750 2662 aparte
773 2575 921 2644 meridie
945 2575 1042 2643 iusta
1065 2579 1181 2663 ipsum
1205 2575 1369 2644 anditum
1392 2576 1532 2662 pariete
1556 2577 1726 2643 labritum
1750 2576 1801 2644 ibi
1824 2575 1961 2644 iaciant
1983 2579 2020 2643 et
2043 2577 2188 2645 haleant
2218 2580 2377 2666 qualiter
2400 2601 2451 2648 vo·

600 2729 746 2797 luerint.
772 2731 817 2796 Et
840 2728 1067 2817 quidcunque
1090 2746 1217 2795 census
1242 2745 1353 2814 usque
1370 2731 1483 2814 ipsum
1508 2730 1742 2797 constitutum
1765 2729 1849 2832 inde
1873 2731 1997 2797 tollere
2021 2734 2058 2797 et
2080 2733 2214 2799 hahere
2254 2733 2443 2814 noluerint,

596 2885 709 2950 totum
733 2881 823 2949 illud
839 2882 907 2949 sibi
923 2883 1095 2949 habeant.
1121 2883 1275 2950 Tantum
1298 2900 1401 2948 omne
1425 2900 1559 2950 annum
1586 2902 1696 2970 usque
1719 2883 1897 2950 heundem
1920 2885 2154 2953 constitutum
2169 2888 2363 2973 compleat,
2381 2891 2451 2975 ipse

603 3039 787 3106 maraldus
810 3037 864 3104 vel
887 3036 964 3104 eius
987 3037 1137 3106 heredes
1159 3037 1246 3104 dent
1269 3035 1379 3103 michi
1403 3036 1459 3102 vel
1483 3037 1645 3123 partibus
1668 3035 1837 3106 iamdicte
1860 3039 2007 3106 ecclesie
2023 3041 2062 3107 in
2074 3044 2321 3130 suprascripto
2345 3064 2458 3112 mense

602 3194 767 3262 ianuario
790 3193 828 3259 in
851 3192 1050 3260 festivitate
1073 3191 1196 3258 Sancti
1218 3189 1335 3258 felicis
1357 3190 1444 3258 duos
1468 3190 1571 3258 aurei
1594 3193 1737 3260 tarenos
1752 3195 1872 3261 bonos.
1890 3195 2081 3281 completis
2104 3214 2188 3263 vero
2211 3195 2303 3282 ipsis
2327 3197 2453 3284 viginti

604 3367 729 3417 novem
754 3350 871 3426 annis,
897 3348 1060 3436 predicta
1084 3350 1185 3415 terra
1207 3349 1244 3414 ei
1267 3365 1353 3415 casa
1376 3347 1536 3433 ligneam
1559 3349 1720 3416 solarata
1742 3350 1955 3428 conciatam,
1973 3353 2010 3417 et
2025 3351 2173 3430 clusam,
2192 3357 2231 3420 et
2245 3355 2458 3440 coopertam,

603 3509 641 3574 et
662 3506 812 3585 salvam,
837 3506 931 3574 sicut
953 3505 1139 3583 meruerit,
1166 3523 1245 3571 cum
1268 3503 1368 3572 scala
1390 3521 1456 3570 sua
1478 3505 1627 3590 lingnea
1651 3505 1839 3571 remittant
1862 3481 1984 3580 michi,
2011 3507 2067 3572 vel
2092 3508 2258 3591 partibus
2282 3507 2396 3593 ipsius
2411 3525 2462 3574 ec-

603 3661 722 3740 clesie,
747 3663 784 3728 et
801 3663 891 3766 tunc
915 3661 1025 3729 liceat
1046 3661 1150 3728 illum
1173 3658 1310 3726 eteius
1332 3656 1483 3724 heredes
1505 3656 1590 3724 inde
1613 3657 1728 3734 exire,
1762 3659 1799 3723 et
1821 3655 1983 3725 homines
2011 3677 2098 3746 quos
2122 3659 2170 3725 ibi
2193 3660 2367 3728 miserint
2388 3681 2464 3728 cum

605 3817 769 3886 omnibus
794 3817 938 3884 illorum
962 3815 1080 3884 causis
1103 3813 1318 3890 mobilibus;
1355 3815 1392 3878 et
1414 3830 1479 3898 per
1501 3803 1788 3878 convenientiam
1823 3772 1994 3898 guadiam
2029 3813 2139 3881 michi
2172 3816 2252 3901 ipse
2276 3817 2462 3886 maraldus

604 3973 782 4061 presbiter
804 3973 902 4038 dedit
924 3975 960 4038 et
983 3970 1223 4038 fideiussorem
1250 3967 1358 4035 michi
1383 3966 1501 4053 posuit
1524 3965 1777 4033 iohannacium
1801 3947 2046 4034 atrianensem
2069 3967 2183 4036 filium
2208 3973 2397 4057 quondam
2423 3971 2469 4039 io

606 4127 750 4204 hannis,
777 4127 838 4214 qui
862 4126 978 4193 dictus
1001 4123 1071 4191 luit
1092 4140 1235 4208 argosa.
1263 4123 1307 4188 Et
1330 4138 1395 4208 per
1419 4118 1533 4207 ipsam
1557 4120 1728 4230 guadiam
1758 4119 1935 4207 obligavit
1958 4123 2095 4212 seipse
2121 4127 2308 4195 maraldus
2332 4131 2370 4196 et
2392 4146 2470 4196 suos

607 4284 769 4354 heredes:
795 4284 834 4349 ut
856 4282 899 4356 si,
924 4278 1017 4346 sicut
1039 4277 1204 4364 superius
1226 4275 1401 4363 scriptum
1425 4276 1492 4351 est,
1511 4273 1619 4341 michi
1645 4271 1698 4340 vel
1723 4275 1885 4362 partibus
1908 4273 2018 4363 ipsius
2033 4281 2184 4349 ecclesie
2200 4301 2278 4350 non
2296 4283 2472 4370 adimple·

610 4439 739 4512 verint,
758 4439 794 4502 et
808 4433 1054 4520 suprascripta
1070 4434 1128 4498 vel
1144 4449 1190 4498 ex
1207 4429 1284 4497 heis
1301 4428 1491 4516 quicquam
1517 4445 1700 4494 removere
1724 4427 1793 4495 aud
1816 4429 2063 4498 contradicere
2078 4437 2361 4521 presumpserit,
2381 4457 2470 4503 com·

610 4593 757 4679 poneret
780 4587 885 4654 miehi
910 4586 967 4652 vel
991 4584 1154 4672 partibus
1188 4582 1349 4669 predicte
1384 4581 1534 4648 ecclesie
1569 4579 1837 4668 quinquaginta
1870 4582 1952 4649 auri
1987 4583 2115 4652 solidos
2142 4591 2474 4658 constantinianos

610 4746 760 4810 Tantum
784 4741 960 4828 completa
983 4739 1062 4826 ipsa
1084 4737 1295 4814 constituta,
1321 4733 1487 4821 predicta
1511 4733 1661 4801 traditio
1685 4736 1860 4811 condeta,
1886 4735 2053 4822 qualiter'
2075 4757 2185 4824 supra
2209 4743 2374 4830 legitur,
2400 4763 2477 4811 oum

611 4896 685 4984 ipso
708 4899 845 4983 pariete
869 4894 1014 4970 labrito,
1039 4893 1069 4958 si
1093 4889 1144 4957 ibi
1168 4890 1284 4956 iactus
1308 4885 1431 4963 suerit,
1459 4885 1653 4952 remiciant
1669 4885 1776 4953 michi
1795 4886 1851 4952 vel
1867 4885 1906 4952 in
1930 4887 2093 4973 partibus
2117 4889 2297 4961 iamdicte
2315 4895 2479 4968 ecclesie,

580 5127 584 5132 ¹
611 5068 675 5136 per
698 5045 941 5134 supradictam·
961 5043 1230 5129 obligationem.
1258 5043 1303 5107 Et
1326 5037 1451 5106 taliter
1472 5037 1601 5124 scripsi
1626 5058 1692 5125 ego
1716 5040 1938 5126 grimoaldus
1964 5043 2137 5111 notarius.

656 5203 781 5293 Jsligo
805 5198 968 5268 alderissi
993 5199 1237 5296 notariusme
1260 5191 1468 5277 subscripsi.
1570 5205 1574 5210 ·

658 5356 685 5450 †
708 5359 781 5443 ligo
805 5357 926 5441 potrus
952 5351 1116 5420 notarius
1140 5368 1198 5418 me
1220 5347 1424 5435 subscripsi.

1330 5721 1759 5737 ffl—
