5454 7104
1022 488 1461 566 blrlobarlubs.
2002 487 2023 510 ²
2089 483 2132 558 73

321 697 421 759 terra
443 691 666 768 continente,
691 709 735 758 ea
759 687 931 764 rationei,
952 691 992 754 ut
1010 689 1174 772 ntegram
1200 685 1445 772 suprascripta
1468 703 1547 752 mea
1566 682 1769 752 blnditione
1792 700 1932 767 semper
1955 679 2063 746 sitin
2087 682 2183 766 pote·

321 851 416 914 stat>
441 849 573 934 tuaque
597 847 661 914 leti
684 844 873 932 presbiteri
897 847 934 912 et
959 843 1002 911 de
1026 843 1098 912 tuis
1121 843 1322 918 heredibus,
1346 843 1391 908 ad
1416 841 1618 908 iaciendum
1642 839 1752 906 deea
1774 837 1894 905 omnia
1914 835 2005 922 quod
2032 834 2184 902 volueri-

326 1000 384 1068 tis.
413 1005 456 1070 Et
479 1003 624 1089 propter
647 999 915 1069 confirmatione
939 998 1019 1066 uius
1043 997 1261 1064 venditionis
1284 1016 1350 1082 ego
1373 995 1599 1082 supradictus
1635 994 1794 1062 balsamo
1828 992 1968 1077 suscepi
2002 993 2083 1057 ate
2107 1008 2190 1074 pre-

325 1155 418 1224 dicta
441 1155 512 1224 leto
535 1157 732 1242 presbitero
755 1157 930 1222 statutum
955 1152 1109 1240 pretium
1134 1152 1215 1218 auri
1239 1152 1368 1220 solidos
1391 1151 1434 1218 de
1458 1150 1530 1218 tari
1553 1149 1718 1217 tridecim
1742 1166 1813 1214 ana
1837 1149 2006 1233 quattuor
2022 1144 2094 1210 tari
2119 1161 2186 1230 per

324 1313 474 1380 solidum
497 1311 653 1380 inomni
677 1310 946 1380 deliberatione.
989 1309 1032 1374 nt
1055 1328 1119 1394 per
1142 1305 1406 1374 combenientia
1428 1324 1494 1392 ego
1518 1302 1744 1390 supradictus
1770 1301 1927 1368 balsamo
1962 1299 2096 1385 guadia
2119 1296 2185 1366 tibi

324 1466 394 1534 leto
418 1467 614 1554 presbitero
637 1466 717 1532 dedi
741 1471 778 1532 et
801 1463 995 1532 mediatore
1021 1464 1086 1530 tibi
1110 1461 1227 1550 posuit
1258 1461 1448 1530 radoaldus
1482 1459 1576 1526 iilius
1611 1456 1787 1544 quondam
1824 1453 2023 1530 romoaldi,
2061 1457 2098 1520 et
2119 1471 2185 1540 per

325 1621 437 1708 ipsam
460 1621 630 1708 guadiam
654 1623 722 1696 etc;
748 1622 921 1705 Sequitur
943 1621 1112 1686 consuetu
1135 1617 1323 1700 farinula,
1356 1617 1497 1682 statuta
1521 1613 1656 1678 rnrdcta
1681 1611 1840 1694 toipintu
1864 1611 1952 1676 uitri
1981 1608 2182 1674 solidorum

322 1776 719 1844 corastaatiuiuuomcm.
746 1773 791 1838 Et
813 1773 881 1840 due
906 1772 1046 1838 cartule
1072 1770 1177 1838 unius
1202 1769 1335 1836 tenoris
1358 1768 1440 1834 inde
1463 1767 1621 1834 scribere
1645 1763 1863 1850 rogavimus
1900 1764 1971 1830 Ista
1994 1761 2060 1828 tibi
2085 1759 2190 1828 emisi

324 1931 360 1994 et
383 1929 536 1996 alteram
560 1928 669 1994 talem
693 1931 781 2014 aput
807 1945 862 1996 me
886 1927 967 1993 inde
991 1924 1161 2012 scriptam
1186 1922 1334 1990 retineo.
1361 1923 1406 1986 Et
1430 1921 1552 1988 taliter
1575 1919 1732 1986 scribere
1757 1917 1962 2003 rogavimus
1986 1921 2021 1982 te
2045 1918 2189 2014 petrum

327 2085 517 2152 notarium.

369 2239 396 2328 ἦ·
420 2241 495 2323 Ego
520 2237 581 2326 qui
604 2257 714 2324 supra
737 2235 898 2303 ademari
922 2235 1048 2302 iudex.

1081 2652 1453 2666 Μ

1179 2845 1334 2926 MCII

1106 3129 1165 3204 A.
1193 3124 1250 3201 D.
1279 3126 1405 3201 1048

368 3363 457 3456 Jsln
481 3367 621 3434 nomine
644 3365 777 3433 domini
801 3364 980 3432 tricesimo
1004 3384 1098 3432 anno
1121 3363 1345 3450 principatus
1368 3363 1489 3430 domni
1512 3363 1628 3430 nostri
1660 3362 1855 3448 guaimarii
1879 3363 2033 3450 glorioso
2057 3359 2194 3452 princi·

302 3519 379 3606 'pe,
404 3523 441 3586 et
464 3537 555 3588 nono
581 3517 609 3602 1)
634 3539 726 3586 anno
750 3520 899 3586 ducatus
921 3518 996 3585 eius
1020 3519 1144 3586 amalfi
1167 3519 1204 3584 et
1218 3518 1437 3593 surrentum,
1455 3519 1492 3582 et
1506 3519 1609 3583 sexto
1634 3517 1663 3598 ¹)
1688 3535 1783 3582 anno
1799 3515 2021 3604 principatus
2045 3521 2082 3586 et
2096 3519 2190 3607 ipso·

325 3691 403 3738 rum
426 3671 576 3740 ducatus
600 3671 719 3740 domni
742 3672 861 3758 gisulfi
884 3671 948 3739 filii
973 3671 1049 3739 eius
1073 3671 1199 3738 eximii
1222 3670 1393 3756 principis
1416 3673 1454 3736 et
1477 3670 1605 3748 ducis,
1633 3691 1753 3738 mense
1776 3671 1930 3759 magius,
1957 3673 2074 3761 prima
2099 3675 2194 3744 indi-

327 3827 452 3894 ctione.
477 3827 766 3895 Memoratorium
791 3829 923 3894 sactum
947 3847 970 3893 a
992 3845 1048 3894 me
1073 3825 1296 3911 grimoaldus
1319 3823 1472 3892 clericus
1495 3825 1590 3892 illius
1614 3825 1792 3912 quondam
1828 3827 1981 3895 maraldi
2005 3828 2048 3895 de
2071 3829 2190 3899 locum

327 3983 439 4056 saba,
476 4000 517 4047 eo
541 3979 633 4069 quod
657 3981 833 4047 inlocum
857 3979 1001 4048 nuceria
1028 3983 1111 4047 ante
1135 3981 1317 4065 presentia
1340 3978 1433 4067 petri
1458 3979 1782 4047 iudiciconiuntus
1805 3999 1883 4047 sum
1908 3981 1954 4048 ad
1979 3985 2072 4050 bona
2095 4003 2190 4053 com·

328 4137 505 4206 benientia
527 4157 608 4205 cum
632 4157 790 4206 sesamus
813 4141 991 4224 congnato
1014 4155 1113 4204 meus
1136 4139 1174 4203 et
1195 4137 1289 4202 filius
1313 4136 1491 4222 quondam
1514 4135 1587 4202 litti
1610 4136 1654 4202 de
1678 4137 1795 4203 locum
1819 4139 1977 4218 nucerie,
1995 4117 2070 4228 ipse
2094 4160 2189 4210 sesa·

328 4313 404 4360 mus
428 4294 505 4360 vice
528 4311 629 4360 suam
654 4311 762 4379 quam
785 4295 822 4358 et
844 4311 908 4378 pro
933 4291 1010 4358 rice
1034 4291 1207 4359 infantuli
1231 4291 1418 4376 nepotibus
1443 4293 1573 4359 nostris
1597 4293 1661 4359 dlii
1685 4292 1863 4381 quondam
1895 4295 2087 4373 nucerini,
2127 4317 2191 4364 no·

327 4447 425 4515 mina
448 4447 591 4514 illorum
616 4447 804 4516 serrandus
827 4451 863 4514 et
888 4445 1089 4514 romoaldus
1112 4450 1275 4534 germani
1299 4447 1364 4515 lilii
1387 4447 1500 4535 ipsius
1524 4447 1687 4514 nucerini
1714 4448 1931 4534 presbiteri,
1957 4449 2002 4516 ad
2027 4449 2186 4518 dividen-

327 4603 410 4669 dum
433 4623 513 4670 cum
538 4603 612 4669 illis
635 4603 825 4690 aliquantu
860 4601 903 4668 de
928 4605 1033 4670 rebus
1057 4605 1205 4678 nostra,
1239 4604 1332 4689 quod
1356 4603 1465 4670 michi
1490 4607 1527 4670 ct
1550 4602 1698 4670 illorum
1721 4603 1879 4688 pertinet
1901 4607 2010 4671 abere
2036 4603 2082 4671 da
2106 4624 2190 4691 par-

328 4760 422 4826 tibus
444 4758 612 4826 mulieres
636 4776 704 4844 que
727 4760 811 4824 sunt
832 4775 971 4824 sorores
994 4759 1031 4824 et
1054 4757 1124 4825 filie
1149 4713 1328 4844 quondam
1352 4753 1530 4826 venedicti
1565 4759 1608 4825 de
1632 4760 1754 4826 eodem
1778 4761 1894 4826 locum
1920 4759 2092 4839 nucerie,
2118 4779 2189 4848 que

327 4917 410 4980 suut
432 4914 580 4980 heredes
594 4913 715 5000 ipsius
739 4913 918 4981 venedicti
941 4932 1104 4980 socerum
1129 4917 1289 4980 nostrum
1309 4961 1316 4990 ‚
1344 4916 1487 4982 nomina
1510 4915 1656 4982 illarum
1682 4933 1754 4982 una
1778 4914 1952 4982 musanda
1976 4935 2070 4983 uxor
2093 4935 2187 4993 mea,

326 5071 363 5134 et
385 5067 459 5135 alia
482 5067 627 5137 nomina
650 5087 810 5136 ammora
833 5087 927 5136 uxor
950 5067 1061 5154 ipsius
1084 5069 1241 5145 sesami,
1280 5071 1315 5134 et
1339 5069 1413 5137 alia
1437 5069 1578 5136 nomine
1601 5069 1720 5136 letitia
1746 5089 1837 5136 uxor
1861 5069 1972 5156 ipsius
2004 5071 2182 5157 quondam

328 5223 502 5298 nucerini;
527 5223 564 5289 et
574 5222 667 5290 sicut
678 5222 836 5290 diximus
849 5241 1010 5310 noruque
1023 5223 1214 5301 combenit,
1239 5227 1276 5289 et
1288 5225 1504 5310 complacuit
1517 5223 1613 5290 inter
1626 5244 1700 5297 nos,
1717 5227 1756 5291 nt
1778 5223 2018 5292 divideremus
2041 5223 2120 5311 ipsa
2133 5243 2188 5292 re-

330 5379 404 5452 bus,
430 5377 522 5464 quod
546 5393 610 5462 per
632 5378 753 5463 partes
775 5395 896 5444 sumus
921 5376 1090 5444 residenti
1115 5377 1159 5443 de
1183 5375 1256 5463 ipse
1281 5377 1440 5462 predicte
1464 5377 1658 5454 muliereS,
1684 5381 1720 5444 et
1743 5377 1901 5464 qualiter
1925 5379 2009 5445 ante
2033 5395 2071 5444 os
2095 5381 2187 5444 tem·

367 5623 389 5694 ¹)
412 5622 543 5686 Decimo
566 5623 698 5702 Amulfie
721 5633 751 5686 et
776 5643 862 5686 rrorto
886 5625 1056 5688 Suriaci.

368 5729 395 5818 ²)
418 5735 575 5816 Septimo.

470 5914 543 5970 Tot.
561 5927 607 5970 ru.
