5454 7104
626 529 671 602 86
1271 529 1448 604 CODEX
1479 529 1735 602 calensis

577 743 700 808 angre,
727 724 783 790 ubi
809 723 1024 792 casamahile
1047 724 1317 813 dicitur,quan1
1343 727 1473 793 retinet
1497 728 1618 811 petrus
1634 723 1695 811 qui
1711 723 1824 790 dictus
1847 728 1901 792 est
1924 719 2090 808 ardingu,
2109 726 2145 789 et
2167 717 2433 809 suprascriptus

577 879 757 965 iaquintus
782 878 899 954 riczu,
925 882 961 945 et
984 879 1129 965 integra
1154 881 1255 966 pecia
1280 880 1324 946 de
1350 883 1449 947 terra
1473 899 1587 947 vacua
1609 898 1677 966 que
1701 882 1755 946 est
1778 879 1815 944 in
1838 897 2005 964 campora
2028 878 2071 944 de
2094 879 2215 954 stabi,
2241 879 2277 943 et
2301 875 2435 943 tradidi

579 1029 613 1096 ei
638 1049 798 1114 organea
821 1030 868 1098 da
891 1029 982 1102 vino,
1001 1032 1092 1118 quod
1109 1051 1175 1118 ego
1199 1032 1238 1099 in
1261 1033 1513 1119 suprascriptis
1530 1034 1634 1098 rebus
1650 1034 1774 1099 habeo.
1793 1033 1868 1099 Tali
1894 1033 2042 1100 hordine
2057 1031 2307 1120 suprascriptis
2324 1030 2437 1118 peciis

577 1182 620 1248 de
645 1183 765 1261 terris,
790 1185 883 1252 sicut
906 1205 1009 1272 supra
1033 1187 1181 1273 legitur,
1200 1190 1236 1253 et
1260 1189 1439 1274 integram
1463 1188 1575 1274 ipsam
1594 1187 1819 1255 medietatem
1843 1189 1885 1255 de
1908 1187 2149 1275 suprascripto
2165 1188 2295 1254 molino
2320 1193 2357 1254 ct
2385 1191 2438 1254 su-

586 1341 680 1407 sario
703 1342 736 1408 ei
762 1343 892 1410 tradidi
917 1361 981 1428 per
1004 1341 1264 1417 convenientia,
1284 1342 1329 1408 Ut
1352 1341 1476 1408 amodo
1500 1347 1537 1408 et
1561 1361 1670 1428 usque
1693 1343 1859 1410 seranni
1881 1341 2047 1429 completi
2071 1342 2145 1428 ipse
2162 1346 2283 1428 petrus
2308 1343 2438 1408 eteius

581 1497 731 1564 heredes
754 1496 936 1564 licentiam
961 1501 996 1563 et
1019 1499 1229 1584 potestatem
1255 1500 1413 1564 habeant
1436 1493 1558 1564 tollere
1583 1499 1626 1564 de
1649 1494 1898 1584 suprascriptis
1922 1497 2031 1583 peciis
2053 1496 2097 1564 de
2121 1497 2266 1564 terrisa
2293 1497 2437 1562 labora-

499 1651 500 1656 ’
580 1651 727 1729 toribus
754 1652 815 1738 qui
840 1652 931 1719 illud
955 1652 1000 1720 ad
1023 1652 1257 1719 laborandum
1280 1655 1415 1726 tenent,
1442 1654 1554 1718 totum
1580 1654 1713 1727 vinum,
1739 1655 1775 1718 et
1798 1650 2021 1727 terraticum,
2047 1653 2084 1717 et
2106 1653 2273 1728 fructum,
2300 1655 2336 1716 et
2362 1655 2439 1737 pal·

582 1805 786 1880 mentatica‚
804 1811 841 1874 et
864 1809 1045 1882 molitura,
1064 1809 1100 1873 et
1124 1807 1320 1874 lusaratica
1343 1807 1386 1872 de
1402 1807 1479 1892 ipsa
1503 1808 1728 1874 medietatem
1751 1807 1793 1873 de
1817 1763 1892 1892 ipso
1908 1807 2040 1874 molino
2064 1810 2100 1873 et
2116 1807 2261 1885 fusario,
2280 1808 2438 1895 qualiter

580 1979 646 2048 ego
669 1965 705 2027 et
729 1981 824 2029 meos
847 1981 1064 2028 successores
1088 1965 1124 2027 et
1147 1965 1285 2049 partem
1303 1958 1460 2048 predicte
1484 1963 1629 2028 ecclesie
1645 1981 1691 2027 ex
1715 1961 1800 2048 ipsis
1818 1963 1921 2030 rebus
1945 1966 1981 2028 et
2004 1963 2137 2029 molina
2151 1965 2188 2030 et
2211 1961 2347 2030 fusario
2370 1965 2441 2030 tol-

582 2116 655 2181 lere
679 2117 856 2193 devemus,
875 2121 1007 2204 absque
1031 2091 1288 2184 contrarietate
1303 2138 1385 2208 mea
1400 2119 1436 2182 et
1448 2118 1490 2184 de
1507 2116 1595 2182 meis
1617 2117 1889 2193 successorihus,
1907 2120 1943 2183 et
1966 2119 2009 2185 de
2025 2117 2187 2204 partibus
2203 2117 2360 2204 predicte
2377 2138 2434 2185 ec-

581 2269 700 2346 clesie,
719 2271 764 2336 ad
789 2271 989 2338 laciendum
1012 2272 1094 2338 inde
1111 2271 1185 2357 ipse
1209 2275 1334 2356 petrus
1358 2273 1395 2336 et
1418 2271 1494 2336 eius
1510 2271 1657 2336 heredes
1681 2269 1773 2358 quod
1797 2270 1985 2346 voluerint,
2004 2274 2151 2357 excepto
2176 2271 2314 2356 integro
2331 2275 2439 2342 bene-

565 2421 671 2525 licio,
698 2425 789 2511 quod
812 2425 1077 2512 suprascriptus
1112 2426 1346 2511 truppoaldus
1370 2425 1522 2494 clericus
1547 2427 1676 2493 retinet
1703 2426 1746 2493 de
1769 2425 2015 2512 suprascripta
2037 2429 2138 2492 curte
2165 2426 2208 2493 de
2232 2428 2368 2512 agella,
2395 2427 2440 2492 Ut

580 2581 655 2668 ipse
680 2579 910 2667 truppoaldus
937 2585 974 2648 et
997 2601 1080 2667 pars
1104 2580 1262 2666 predicte
1287 2581 1434 2648 ecclesie
1459 2581 1549 2648 illud
1571 2581 1639 2648 sibi
1663 2584 1805 2658 habeat,
1831 2584 1867 2648 et
1890 2579 2049 2668 quicquit
2072 2582 2208 2647 fructus
2230 2583 2267 2647 et
2290 2582 2436 2668 prodem

582 2733 664 2801 inde
689 2736 813 2802 tollere
837 2735 1004 2822 potuerit,
1031 2739 1140 2802 totum
1165 2735 1255 2802 illud
1281 2737 1349 2804 sibi
1373 2739 1529 2804 habeant
1552 2747 1589 2803 et
1611 2756 1677 2822 ego
1692 2741 1729 2803 et
1743 2755 1960 2804 successores
1981 2755 2091 2813 meos,
2117 2738 2153 2802 et
2176 2756 2259 2822 pars
2275 2737 2435 2823 predicte

583 2891 728 2957 ecclesie
754 2893 963 2976 potestatem
987 2893 1157 2957 abeamus
1181 2912 1285 2958 omne
1303 2913 1436 2960 annum
1461 2893 1588 2959 tollere
1612 2895 1724 2960 totum
1740 2891 1862 2959 vinum
1886 2894 1922 2958 et
1945 2894 2124 2971 abellane,
2143 2893 2235 2980 quod
2251 2892 2294 2960 de
2312 2913 2440 2979 supra-

582 3043 716 3129 scripta
740 3047 843 3110 rebus
866 3044 909 3110 de
932 3045 1175 3130 suprascripto
1199 3045 1274 3111 loco
1298 3046 1419 3130 agella
1442 3046 1585 3124 exierit,
1604 3067 1709 3133 quam
1734 3047 1892 3114 retinent
1915 3047 1982 3132 ipsi
2006 3045 2177 3113 iohannes
2192 3049 2228 3112 et
2244 3047 2434 3118 bassallus,

587 3194 787 3262 iaciendum
812 3196 893 3262 inde
917 3197 1009 3282 quod
1034 3197 1264 3263 voluerimus.
1302 3199 1347 3263 Et
1370 3198 1445 3284 ipse
1469 3201 1592 3284 petrus
1614 3201 1651 3264 et
1674 3197 1749 3265 eius
1772 3197 1920 3264 heredes
1937 3215 2047 3284 usque
2070 3196 2185 3282 ipsum
2201 3195 2432 3263 coustitutum

583 3350 806 3436 adimpleant
829 3351 874 3418 ad
899 3351 979 3418 illos
1003 3355 1039 3418 et
1062 3351 1107 3419 ad
1131 3351 1275 3417 illorum
1302 3351 1463 3428 heredes,
1489 3372 1550 3438 qur
1576 3349 1686 3438 ipsum
1711 3352 1880 3420 molinum
1905 3357 1941 3420 et
1965 3352 2139 3420 susarium
2164 3353 2332 3430 retinent,
2351 3351 2444 3417 sicut

583 3524 648 3590 ego
671 3508 708 3571 et
723 3522 817 3571 meos
834 3523 1064 3582 successores,
1083 3509 1119 3573 et
1135 3525 1218 3593 pars
1234 3507 1393 3593 predicte
1410 3508 1557 3574 ecclesie
1585 3506 1636 3573 cis
1663 3507 1857 3594 adimplere
1881 3508 2067 3584 debemus3
2093 3498 2195 3575 etde
2219 3508 2296 3594 ipsa
2320 3507 2433 3593 pecia,

584 3677 651 3745 que
675 3659 789 3726 estin
812 3676 980 3746 campora
1003 3659 1046 3726 de
1070 3660 1173 3736 stabi,
1200 3660 1371 3748 quicquid
1395 3661 1532 3726 fructus
1555 3663 1591 3726 et
1614 3659 1759 3745 prodem
1782 3663 1818 3725 et
1840 3659 2019 3726 dationem
2038 3679 2147 3746 usquc
2170 3659 2284 3746 ipsum
2310 3657 2442 3726 consti-

583 3815 699 3880 tutum
723 3813 797 3897 ipse
821 3815 943 3898 petrus
966 3813 1100 3882 eteius
1125 3813 1273 3880 heredes
1297 3813 1423 3878 tollere
1439 3815 1476 3880 et
1492 3815 1622 3880 habere
1647 3813 1838 3899 potuerint,
1857 3818 1968 3880 totum
1992 3813 2082 3880 illud
2105 3813 2172 3880 sihi
2195 3813 2365 3888 habeant,
2383 3813 2435 3878 ia-

583 3967 748 4034 ciendum
761 3967 855 4040 inde,
870 3966 961 4052 quod
975 3968 1162 4034 voluerint.
1179 3971 1223 4033 iit
1238 3967 1331 4053 ipsos
1344 3968 1564 4034 laboratores
1576 3968 1612 4032 et
1627 3965 1771 4033 illorum
1784 3967 1931 4032 heredes
1942 3987 2044 4032 omne
2057 3987 2191 4033 annum
2207 3969 2289 4051 apto
2307 3967 2443 4050 tempo-

587 4139 624 4186 re
640 4121 802 4187 concient
824 4125 860 4186 ct
883 4119 1061 4195 studient,
1091 4140 1198 4207 usque
1223 4121 1337 4208 ipsum
1363 4119 1606 4196 constitutum,
1621 4118 1865 4205 suprascripta
1879 4137 2038 4204 organea
2061 4119 2107 4186 da
2131 4118 2265 4194 vinum,
2280 4121 2317 4184 et
2340 4136 2442 4204 repo·

586 4281 678 4343 naut
700 4276 780 4342 illas
804 4279 928 4362 suptus
953 4275 1105 4342 reditum
1129 4275 1287 4351 illorum,
1308 4277 1344 4340 et
1367 4273 1482 4360 ipsum
1508 4269 1638 4350 vinum,
1657 4273 1749 4360 quod
1774 4272 1842 4359 ipsi
1865 4233 1964 4359 petro
1988 4275 2025 4340 et
2048 4272 2147 4340 illius
2162 4272 2352 4340 heredibus
2376 4290 2443 4358 per

585 4449 717 4497 anuum
741 4431 783 4498 de
810 4429 1052 4517 suprascripta
1076 4428 1275 4505 traditione,
1293 4428 1386 4496 sicut
1408 4447 1517 4514 supra
1539 4429 1689 4513 legitur,
1705 4428 1876 4504 evenerit,
1891 4428 1940 4496 ibi
1965 4429 2122 4504 mittant,
2140 4431 2176 4494 et
2198 4429 2337 4494 salbum
2352 4425 2442 4493 illud

587 4583 638 4652 eis
663 4585 808 4660 saciant,
834 4585 946 4651 donec
971 4585 1046 4671 ipse
1070 4587 1191 4672 petrus
1219 4585 1255 4650 et
1280 4583 1357 4650 eius
1381 4583 1528 4650 heredes
1552 4583 1642 4650 illud
1665 4583 1747 4650 inde
1771 4583 1943 4658 tulerint,
1969 4600 2078 4669 asque
2101 4581 2377 4666 degeneratione
2400 4583 2440 4647 et

591 4739 694 4825 igne3
721 4743 757 4806 et
779 4740 861 4807 dum
888 4738 962 4825 ipse
986 4742 1108 4824 petrus
1131 4743 1168 4804 et
1191 4738 1267 4805 eius
1293 4738 1453 4816 heredes,
1472 4757 1532 4804 seu
1557 4739 1701 4805 missum
1727 4734 1890 4814 illorum,
1916 4757 1979 4822 pro
2002 4737 2076 4822 ipso
2101 4737 2182 4803 vino
2205 4738 2242 4803 et
2269 4737 2439 4803 terratico

591 4895 827 4980 recipiendum
853 4894 903 4961 ihi
926 4894 1106 4969 steterint,
1131 4894 1224 4960 sicut
1247 4893 1531 4979 suprascriptum
1555 4897 1621 4970 est,
1646 4891 1714 4978 ipsi
1739 4893 1960 4958 laboratores
1983 4894 2164 4958 eteorum
2188 4889 2336 4956 heredes
2360 4890 2442 4957 illos

589 5048 764 5124 nutriant,
790 5049 983 5116 secundum
1010 5049 1155 5116 illorum
1173 5047 1457 5135 possibilitaterm
1475 5052 1512 5114 et
1534 5049 1788 5134 palmentatica
1802 5065 1904 5113 omne
1928 5065 2060 5113 annum
2086 5065 2149 5132 per
2172 5046 2247 5132 ipse
2263 5044 2443 5112 vindemie

589 5200 640 5266 eis
662 5201 781 5277 deant,
807 5202 900 5269 sicut
923 5209 976 5271 est
998 5203 1222 5270 consuetudo.
1244 5205 1288 5270 Et
1312 5203 1342 5270 si
1367 5203 1491 5270 taliter
1507 5201 1574 5289 ipsi
1598 5205 1814 5270 laboratores
1837 5203 1874 5268 et
1896 5221 2017 5269 eorum
2034 5201 2181 5272 heredes
2196 5200 2265 5288 ipsi
2280 5203 2382 5286 petro
2407 5203 2444 5266 et

590 5353 687 5420 illius
711 5357 900 5423 heredibus
926 5376 995 5422 non
1020 5357 1282 5443 adimpleberit,
1307 5357 1401 5424 sicut
1424 5357 1676 5442 scriptumest,
1702 5373 1812 5441 usque
1835 5355 1950 5441 ipsum
1974 5315 2229 5431 constitutum,
2256 5356 2341 5420 tunc
2364 5353 2439 5440 ipse

567 5485 568 5488 ¹
590 5513 712 5592 petrus
736 5509 864 5576 eteius
881 5509 1029 5576 heredes
1053 5510 1188 5576 saciant
1203 5510 1295 5576 scire
1319 5529 1375 5576 me
1399 5513 1436 5575 ct
1451 5528 1546 5576 meos
1562 5527 1792 5583 successores,
1810 5509 1847 5573 et
1868 5506 2026 5593 predicte
2042 5506 2202 5584 ecclesie,
2219 5509 2256 5573 et
2271 5508 2445 5594 plicemus

594 5663 686 5748 ipsos
710 5664 930 5731 laboratores
953 5667 1133 5730 eteorum
1158 5647 1308 5730 heredes
1333 5662 1400 5750 ipsi
1425 5665 1522 5748 petro
1546 5665 1582 5729 et
1604 5663 1703 5730 illius
1727 5661 1917 5730 heredibus
1940 5681 2005 5747 ego
2032 5665 2068 5728 et
2092 5681 2185 5730 meos
2208 5681 2442 5739 successores,

592 5822 629 5882 ct
652 5835 737 5903 pars
761 5817 918 5904 predicte
943 5818 1090 5885 ecclesie
1114 5817 1201 5886 dare
1224 5821 1260 5884 et
1282 5817 1476 5905 adimplere
1499 5817 1630 5894 omnia,
1647 5817 1740 5884 sicut
1762 5835 1872 5903 supra
1894 5815 2040 5902 legitur.
2060 5819 2103 5882 nt
2125 5833 2189 5902 per
2205 5818 2444 5885 conveniente
