5454 7104
1032 503 1449 581 ulrtouartuus
2060 507 2125 582 tii

250 755 252 761 .
320 721 405 790 pore
428 702 580 772 tirmiter
601 721 840 792 permanere,
867 722 931 789 per
953 701 1197 789 supradictam
1221 700 1391 787 guadiam
1414 700 1451 766 et
1473 700 1634 784 obligata
1656 719 1775 787 pena:
1801 703 1944 769 tantum
1967 701 2064 770 omni
2087 705 2176 771 tem·

320 877 406 944 pore
428 857 523 928 iuter
546 859 647 927 nobis
669 859 768 927 siant
791 859 903 928 divise
927 857 972 926 ad
995 857 1116 945 equali
1141 875 1309 925 mensura
1333 861 1370 924 in
1392 858 1488 926 omni
1511 857 1635 925 ordine
1658 860 1695 926 et
1718 861 1867 936 ratione,
1892 858 1985 927 sicut
2006 861 2171 947 superius

320 1011 489 1081 diximus.
516 1015 562 1082 Et
584 1035 653 1083 unc
679 1017 822 1084 brebem
846 1013 1032 1082 divisionis
1055 1013 1148 1100 quod
1172 1011 1300 1100 scripsi
1323 1031 1391 1098 ego
1414 1012 1587 1081 iohannes
1611 1013 1773 1082 notarius
1796 1015 1858 1102 qui
1882 1014 2057 1082 interfuit.

364 1167 392 1258 †
416 1172 490 1256 Ego
513 1170 574 1256 qui
597 1189 707 1258 supra
730 1169 860 1260 godeni
885 1171 1082 1240 castaldus.

1137 1561 1368 1699 Mcnxl

1108 1900 1168 1974 A.
1196 1897 1253 1970 D.
1283 1897 1407 1972 1052

366 2161 392 2252 †
416 2163 455 2228 In
479 2163 622 2230 nomine
648 2163 782 2232 domini
805 2164 989 2232 tricesimo
1013 2167 1141 2251 quarto
1166 2182 1259 2231 anno
1275 2163 1500 2249 principatus
1523 2161 1642 2230 domni
1660 2161 1773 2228 nostri
1788 2160 1996 2247 guaimarii,
2014 2162 2051 2226 et
2073 2160 2182 2227 tertio

322 2318 458 2385 decimo
483 2337 577 2385 anno
601 2319 750 2386 ducatus
773 2319 849 2386 eius
873 2319 993 2386 amelii
1016 2319 1052 2386 et
1075 2316 1238 2393 sirrenti‚
1257 2319 1293 2383 et
1317 2315 1504 2384 undecimo
1533 2313 1560 2398 ¹)
1584 2333 1679 2382 anno
1702 2313 2023 2400 suprascriptorum
2047 2311 2183 2397 princi-

323 2473 473 2556 patuum
497 2473 531 2537 et
553 2472 747 2539 ducatuum
771 2473 892 2540 domni
916 2472 1028 2546 nostri
1052 2471 1171 2556 gisulfi
1195 2471 1321 2538 eximii
1344 2469 1518 2557 principis
1542 2471 1578 2536 et
1600 2468 1701 2536 ducis
1740 2464 1811 2534 tilio
1847 2467 1950 2544 eim,
1984 2484 2104 2534 mense
2128 2466 2181 2532 ia·

323 2626 484 2701 numius,
503 2627 629 2714 quinta
644 2627 847 2695 indictione.
872 2627 1163 2695 Memoratorium
1188 2627 1324 2694 sactum
1349 2625 1485 2694 anobis
1501 2623 1594 2692 mari
1612 2626 1649 2691 et
1664 2627 1786 2711 petrus
1810 2622 1975 2710 germani
1990 2621 2056 2688 tilii
2073 2639 2185 2707 quon-

323 2781 406 2846 dam
430 2781 522 2864 petri
549 2797 755 2857 munerasse,
791 2782 829 2846 et
850 2782 1050 2866 deceptore,
1075 2778 1138 2866 qui
1162 2797 1284 2846 sumus
1307 2777 1376 2845 thii
1400 2781 1437 2844 et
1459 2779 1605 2863 nepotes
1640 2775 1707 2842 tilii
1743 2775 1922 2861 quondam
1956 2773 2099 2851 fasani,
2127 2775 2176 2839 Eo

324 2933 414 3020 quod
438 2935 522 3000 ante
545 2931 736 3019 subscripti
760 2933 868 2998 testes
891 2931 1073 3000 coniuncti
1097 2951 1219 2999 sumus
1245 2933 1290 3000 ad
1315 2951 1407 2999 vona
1430 2929 1681 2999 convenientia
1697 2949 1776 2995 cum
1803 2927 1960 2996 mirandi
1983 2927 2056 2995 filio
2072 2947 2184 3015 quon-

322 3086 405 3154 dam
429 3081 592 3152 iohannis
615 3091 830 3170 striganese,
849 3084 923 3170 ipse
948 3084 1133 3151 mirandus
1157 3104 1221 3170 pro
1245 3085 1322 3152 vice
1346 3088 1471 3153 suaet
1494 3104 1558 3171 pro
1584 3084 1662 3152 viee
1688 3083 1770 3150 siba
1785 3082 1963 3169 genitrice
1989 3101 2054 3149 sua
2079 3085 2183 3167 prob-

325 3240 381 3305 ter
403 3237 448 3306 ad
471 3236 701 3304 dividendum
724 3238 818 3303 inter
842 3255 904 3303 nos
927 3239 1041 3303 omnis
1065 3240 1171 3304 rebus
1194 3242 1318 3306 nostra
1340 3240 1529 3316 stantem,
1567 3239 1659 3326 quod
1684 3237 1786 3307 nobis
1820 3241 1857 3304 et
1880 3237 1991 3324 ipsius
2025 3236 2183 3304 mirandi

327 3394 482 3476 pertinet
505 3396 611 3460 abere
635 3392 678 3459 de
701 3391 854 3478 gradum
877 3393 1079 3478 parentum.
1106 3391 1204 3458 Unde
1228 3411 1290 3459 nos
1315 3391 1377 3479 qui
1400 3411 1511 3480 supra
1533 3392 1701 3478 germani
1725 3395 1762 3457 et
1778 3394 1922 3476 nepotes
1946 3391 2115 3458 devemus
2138 3391 2183 3456 de

327 3549 404 3635 ipsa
425 3546 541 3615 omnis
565 3549 670 3615 rebus
686 3547 813 3614 tollere
830 3545 1031 3634 quindecim
1054 3546 1235 3624 sortionis,
1262 3549 1298 3614 et
1314 3547 1389 3634 ipse
1405 3547 1593 3615 mirandus
1616 3565 1697 3613 cum
1713 3546 1791 3632 ipsa
1807 3545 1982 3632 genitrice
1998 3565 2063 3612 sua
2078 3545 2183 3613 devet

327 3703 451 3769 tollere
475 3687 547 3769 una
561 3703 656 3769 sorte
680 3702 771 3788 qued
798 3704 852 3768 est
875 3701 918 3768 de
941 3699 1221 3769 sextadecimam
1238 3701 1378 3786 partem
1403 3717 1524 3767 unam.
1551 3702 1596 3766 Et
1619 3699 1710 3778 iden,
1724 3700 1768 3767 de
1791 3699 1884 3766 sicut
1908 3699 2006 3766 nobis
2022 3701 2058 3764 et
2074 3697 2184 3784 ipsius

331 3854 485 3921 mirandi
508 3847 708 3939 congruum
731 3856 785 3921 est
808 3857 928 3921 nostre
950 3872 1040 3922 vone
1063 3855 1286 3933 voluntatis,
1323 3857 1407 3923 ante
1431 3855 1618 3922 iamdictos
1642 3857 1751 3922 testes
1775 3856 1977 3922 remisimus
2012 3853 2057 3922 ad
2082 3860 2183 3942 pote-

328 4011 420 4075 state
443 4007 553 4092 ipsius
577 4007 733 4074 mirandi
756 4010 792 4074 et
813 4008 981 4076 iamdicte
1004 4007 1171 4095 genitrici
1208 4026 1271 4075 sue
1296 4008 1365 4076 due
1389 4008 1488 4096 pecie
1524 4008 1568 4076 de
1592 4009 1692 4074 terra
1715 4026 1796 4074 cum
1823 4007 2006 4086 arbustis,
2048 4027 2121 4075 una
2145 4009 2185 4076 in

329 4179 397 4245 quo
422 4163 494 4246 ipse
518 4160 673 4230 mirandi
697 4179 778 4228 cum
805 4162 966 4248 predicta
988 4162 1165 4248 genitrice
1188 4181 1255 4230 sua
1277 4180 1399 4230 sumus
1435 4161 1606 4228 residenti
1641 4160 1820 4227 inlocum
1855 4157 2092 4228 barvazanum'
2120 4181 2185 4247 per

330 4331 370 4381 ec
392 4314 474 4388 finis
497 4317 534 4381 et
557 4334 735 4382 mensure:
762 4335 784 4382 a
804 4333 888 4401 pars
910 4291 1058 4383 orientis
1081 4318 1150 4383 fine
1174 4317 1218 4383 de
1241 4318 1464 4384 consortibus
1488 4316 1617 4384 nostris
1642 4315 1739 4403 passi
1763 4317 1967 4404 quadtuor‚
2000 4318 2037 4382 et
2059 4337 2082 4382 a
2105 4335 2187 4402 pars

330 4455 524 4536 occidentis
547 4469 714 4536 similiter
737 4470 807 4537 flne
829 4469 873 4536 de
897 4470 1118 4538 consortibus
1142 4469 1274 4538 nostris
1299 4471 1364 4536 alii
1387 4470 1482 4557 passi
1507 4471 1697 4556 quadtuor‚
1721 4471 1758 4536 et
1780 4488 1803 4536 a
1826 4469 2091 4554 septemtrionis
2115 4471 2183 4536 tine

330 4619 542 4688 noviliorum
566 4621 738 4699 ominum,
763 4626 800 4689 et
821 4642 844 4690 a
866 4621 1015 4689 meridie
1038 4622 1106 4688 fine
1131 4626 1266 4699 nostra,
1292 4624 1386 4690 sicut
1409 4624 1641 4692 terminatum
1665 4625 1730 4700 est;
1756 4622 1835 4710 ipsa
1858 4622 2013 4689 secunda
2036 4623 2136 4708 pecie
2163 4643 2186 4690 a

331 4775 520 4861 supervia
544 4777 691 4853 maiore,
718 4777 777 4844 ubi
801 4796 914 4864 prepu
938 4777 1083 4852 dicitur,
1109 4796 1173 4862 per
1196 4796 1236 4844 ec
1259 4777 1339 4845 finis
1363 4783 1399 4846 et
1422 4797 1599 4846 mensure:
1626 4798 1648 4845 a
1670 4777 1933 4866 septemtrionis
1956 4780 2025 4846 flne
2049 4779 2187 4846 domni-

331 4945 385 5002 ca,
410 4925 491 4993 inde
515 4927 609 5012 passi
634 4931 756 4995 nobem
781 4931 817 4994 et
840 4930 1008 5014 palmum:
1036 4931 1082 4996 ab
1104 4929 1288 4996 occidente
1311 4932 1380 4998 tine
1405 4950 1472 5018 que
1497 4933 1565 5000 iuit
1588 4933 1631 4998 de
1655 4932 1878 4999 consortibus
1903 4932 2034 4999 nostris
2059 4981 2067 5009 ,
2105 4932 2186 4998 inde

331 5086 424 5168 pessi
450 5083 694 5170 quadraginta
717 5085 754 5150 et
777 5083 985 5151 medium:a
1008 5084 1156 5152 meridie
1179 5071 1350 5152 similiter
1373 5087 1442 5152 tine
1465 5086 1508 5152 de
1532 5085 1754 5151 consortibus
1780 5086 1908 5152 nostris
1926 5086 2020 5174 passi
2045 5086 2184 5153 nobem:

332 5237 378 5300 ab
399 5235 537 5304 oriente
560 5237 629 5302 fine
653 5237 696 5302 de
720 5235 939 5309 consortibus
963 5236 1094 5304 nostris
1119 5255 1231 5323 usque
1256 5237 1379 5322 priora
1401 5237 1471 5304 fine
1495 5237 1587 5324 passi
1613 5237 1766 5322 triginta
1790 5240 1937 5316 nobem;
1963 5239 2040 5326 ipsa
2064 5243 2188 5326 priora

332 5389 434 5474 pecie
456 5389 495 5458 in
518 5409 587 5476 quo
610 5393 695 5457 sunt
718 5390 888 5458 residenti
912 5390 1045 5458 dicitur
1069 5390 1116 5457 da
1141 5390 1342 5476 ursiperga.
1382 5392 1493 5467 Quam
1518 5393 1555 5456 et
1578 5393 1855 5458 reserbaberunt
1889 5391 1957 5459 sivi
1980 5392 2048 5477 ipsi
2071 5395 2188 5460 mater

332 5545 369 5607 et
390 5543 484 5611 filius
506 5541 674 5621 mirandi,
699 5546 736 5611 et
758 5543 840 5612 sika
863 5543 990 5612 inclita
1012 5543 1201 5610 sortionem
1225 5544 1371 5612 illorum
1394 5545 1438 5612 de
1462 5547 1536 5632 ipso
1560 5545 1758 5614 insirtitum
1781 5546 1843 5634 qui
1867 5549 1967 5614 esta
1990 5548 2181 5640 superubi

481 5735 670 5745 ...ω-...ι

375 5815 397 5894 1)
418 5815 527 5876 Potius
551 5815 688 5878 decimo.
