5454 7104
606 465 677 540 loo
1268 467 1442 540 COllEX
1469 465 1743 542 GAVENSIS

554 663 655 750 pecia
677 664 721 732 de
745 667 842 732 terra
869 665 905 731 in
928 664 1054 734 eodem
1079 665 1155 732 loco
1181 667 1339 741 benere,
1378 662 1437 732 ubi
1460 663 1603 751 proprio
1627 664 1793 733 muutoru
1826 662 1970 730 dicitur.
2007 663 2051 732 Et
2086 661 2237 732 adiunxi
2271 661 2309 730 in
2331 662 2401 732 ista

552 819 650 884 sorte
676 836 748 886 una
771 819 873 904 pecie
896 819 940 888 de
965 823 1064 886 terra
1088 838 1171 886 cum
1195 819 1341 886 arbusto
1364 813 1401 884 in
1424 816 1668 906 suprascripto
1693 817 1770 884 loco
1793 819 1936 906 benere,
1951 834 2059 908 quam
2083 817 2215 886 retinet
2235 816 2406 906 grimoal-

549 970 628 1039 dus.
666 973 711 1038 st
733 969 886 1040 adiunxi
908 971 948 1040 in
972 971 1042 1040 ista
1065 975 1160 1038 sorte
1185 972 1342 1060 quinque
1367 971 1486 1058 pecias
1510 972 1553 1040 de
1577 973 1676 1040 terra
1706 992 1786 1040 curn
1810 973 1965 1042 arbustis
1996 972 2141 1040 deloco
2165 973 2300 1061 penta,
2336 990 2423 1058 que·

527 1119 635 1190 olim
658 1121 805 1190 suerunt
826 1123 1039 1190 machenolil
1061 1121 1184 1190 clerici
1208 1123 1274 1192 dlii
1297 1124 1456 1210 mirigni.
1483 1127 1527 1190 Et
1550 1129 1686 1192 terram
1721 1145 1801 1192 cum
1825 1127 1970 1220 arbusto
1994 1128 2032 1194 et
2055 1125 2160 1194 vinea
2182 1125 2226 1194 de
2249 1125 2324 1194 loco
2349 1144 2406 1192 ve-

552 1274 706 1354 riniano,
732 1277 830 1344 intra
854 1297 962 1364 quam
985 1279 1064 1346 sala
1089 1278 1367 1354 fabricata-est,
1404 1298 1512 1366 quarn
1538 1280 1669 1348 retinet
1704 1280 1905 1348 romoaldus
1929 1279 1990 1367 qui
2023 1279 2155 1348 dicitur
2178 1279 2398 1348 cacaluioba.

551 1435 594 1498 llt
618 1433 772 1500 alteram
796 1435 932 1500 terram
959 1453 1038 1500 cum
1065 1437 1210 1502 arbusto
1235 1433 1278 1502 de
1301 1433 1423 1502 eodem
1447 1435 1549 1510 loco,
1591 1453 1696 1522 quam
1720 1435 1796 1522 ipse
1821 1433 2022 1502 romoaldus
2045 1437 2169 1514 tenet,
2205 1452 2274 1522 que
2305 1436 2405 1502 esta

553 1605 663 1674 super
685 1587 764 1674 ipsa
787 1591 899 1654 terra.
925 1587 964 1656 in
988 1607 1095 1674 quam
1120 1587 1197 1676 ipsa
1220 1591 1298 1654 sala
1322 1588 1500 1656 fabricate
1526 1591 1592 1666 θεῖ,
1618 1591 1655 1655 θῖ
1678 1587 1808 1656 ibidem
1831 1588 2080 1676 propinquam.
2105 1589 2150 1656 Et
2172 1590 2307 1656 terram
2324 1607 2404 1658 cum

551 1744 736 1810 castaneto
760 1745 796 1808 et
821 1741 924 1808 vinee
950 1741 987 1808 in
1011 1741 1133 1808 eodem
1156 1740 1260 1816 loco,
1287 1761 1355 1830 que
1379 1745 1561 1830 estsuper
1585 1741 1738 1810 ecclesia
1760 1743 1882 1808 sancte
1906 1741 2119 1819 scolastice,
2145 1759 2252 1828 quam
2275 1742 2407 1810 retinet

548 1896 625 1984 ipse
651 1897 863 1974 romoaldus,
883 1917 950 1984 que
975 1897 1061 1965 olim
1087 1894 1154 1965 fuit
1177 1848 1342 1966 iohannis
1364 1897 1430 1966 filii
1454 1897 1543 1974 sadi,
1569 1900 1605 1964 et
1629 1897 1724 1982 petri
1745 1897 1970 1975 flliisaracci,
1986 1915 2054 1984 que
2078 1900 2132 1964 θεῖ
2147 1897 2246 1984 plaia
2261 1867 2403 1972 montis,

551 2056 588 2118 et
611 2069 633 2120 a
661 2056 764 2138 parte
788 2049 1052 2138 septemtrionis
1075 2050 1267 2118 coniuncta
1291 2053 1345 2116 est
1368 2050 1414 2118 ad
1438 2050 1544 2126 viam,
1572 2052 1616 2116 Et
1638 2051 1711 2116 tres
1735 2048 1890 2136 peciolas
1913 2048 1956 2116 de
1981 2050 2080 2116 terra
2103 2067 2173 2115 una
2196 2067 2276 2116 cum
2300 2046 2405 2116 vinea

548 2211 584 2304 et
608 2206 745 2274 alteras
767 2225 849 2272 cum
872 2207 1017 2272 arbusto
1041 2205 1085 2271 de
1108 2205 1230 2272 eodem
1255 2206 1344 2283 locu,
1363 2223 1432 2292 que
1456 2205 1603 2272 luerunt
1625 2203 1792 2270 iohannis
1816 2201 2005 2290 presbiteri
2028 2204 2064 2268 θῖ
2080 2201 2233 2290 iaquinti
2249 2201 2402 2268 filiorum

547 2361 735 2456 simeonis,
761 2377 830 2446 que
854 2362 908 2426 est
926 2377 1039 2446 super
1063 2362 1099 2426 θῖ
1122 2359 1320 2446 propinquo
1344 2360 1422 2445 ipsa
1446 2363 1546 2425 terra
1569 2359 1607 2425 in
1633 2378 1740 2446 quam
1765 2357 1843 2444 ipsa
1865 2357 1943 2426 sala
1967 2356 2144 2424 fabricata
2165 2359 2246 2434 est,
2271 2359 2307 2422 et
2333 2375 2405 2424 una

548 2536 593 2584 ex
617 2514 703 2604 ipsis
727 2515 952 2601 aliquantum
977 2511 1168 2582 coniuncta
1191 2517 1245 2584 est
1265 2515 1314 2604 ¹ad
1337 2515 1622 2602 suprascriptam
1647 2517 1795 2582 terram.
1836 2517 1881 2582 Et
1903 2513 2054 2581 adiunxi
2077 2513 2116 2581 in
2139 2513 2208 2580 ista
2241 2515 2338 2580 sorte
2360 2513 2404 2579 do

547 2669 636 2760 ipsis
660 2673 765 2738 rebus
789 2670 933 2736 illorum
957 2669 1001 2738 de
1026 2669 1193 2738 iamdicto
1218 2669 1295 2736 loco
1319 2669 1481 2736 tusciano
1499 2687 1562 2756 per
1585 2670 1671 2736 lines
1695 2671 1731 2735 et
1754 2685 1952 2736 mensuras.
1978 2669 2008 2734 Α
2032 2669 2135 2754 parte
2159 2665 2321 2732 meridiei
2336 2665 2405 2732 line

548 2821 649 2901 illud,
676 2824 769 2912 quod
793 2825 831 2892 in
854 2825 932 2912 ipsa
954 2823 1113 2892 secunda
1137 2829 1232 2890 sorte
1256 2823 1464 2892 adiunctum
1489 2827 1553 2890 est·
1585 2826 1614 2890 Α
1638 2827 1741 2910 parte
1764 2821 1956 2889 occidentis
1979 2822 2048 2888 fine
2071 2829 2170 2888 terra
2193 2819 2304 2908 ipsius
2328 2839 2400 2888 mo—

549 2977 701 3054 nasterii
725 2977 841 3046 sancti
864 2962 1069 3064 georgiiet
1094 2976 1189 3062 passi
1215 2976 1426 3064 nonaginta.
1452 2979 1497 3042 Et
1521 2975 1674 3044 revolvit
1696 2977 1734 3044 in
1757 2977 1859 3062 parte
1882 2974 2031 3042 orientis
2046 2976 2140 3062 passi
2164 2973 2405 3062 quadraginta

546 3135 654 3224 orto,
682 3129 787 3196 iuxta
809 3129 896 3196 fines
920 3128 1032 3222 ipsius
1056 3129 1232 3206 ecclesie,
1270 3133 1306 3196 et
1330 3129 1483 3196 revolvit
1507 3128 1544 3196 in
1570 3133 1674 3216 parte
1698 3129 1962 3218 septemtrionis
1983 3129 2087 3197 iuxta
2108 3129 2195 3196 fines
2218 3127 2328 3214 ipsius
2350 3147 2406 3196 eo-

446 3369 450 3374 ·
547 3286 657 3376 clesie
681 3284 777 3372 passi
801 3283 1044 3371 quadraginta
1068 3283 1148 3351 duo.
1185 3286 1341 3372 sparte
1364 3285 1630 3371 septemtrionis
1654 3287 1723 3353 ssne
1747 3289 1846 3353 terra
1869 3285 1980 3374 ipsius
2002 3285 2122 3354 domni
2145 3283 2334 3372 guidonis,
2372 3287 2401 3350 A

546 3441 649 3524 parte
673 3439 823 3506 orientis
846 3440 915 3506 fine
941 3439 1082 3506 vallone
1109 3439 1201 3526 quod
1226 3440 1481 3508 vallemonium
1504 3439 1664 3516 dicitur,
1702 3443 1738 3506 et
1762 3440 1960 3508 mensurati
1985 3444 2158 3527 quantum
2193 3441 2274 3528 plus
2309 3439 2404 3506 recte

549 3613 656 3682 prope
682 3595 797 3682 ipsum
822 3596 964 3662 vallone
988 3595 1191 3664 mensurari
1215 3599 1388 3681 possunt,
1415 3595 1511 3680 passi
1536 3597 1709 3672 centum,
1734 3597 1770 3662 et
1793 3597 1875 3664 sunt
1900 3597 2096 3662 mensurati
2121 3614 2145 3662 a
2168 3595 2320 3662 termine
2344 3593 2404 3682 qui

548 3750 642 3816 fixus
665 3753 720 3816 est
744 3750 780 3816 in
805 3753 907 3836 parte
931 3751 1153 3828 occidentis,
1184 3752 1280 3818 inter
1303 3751 1410 3820 istam
1434 3752 1566 3818 sortem
1590 3753 1626 3818 et
1650 3769 1707 3817 res
1731 3751 1843 3837 ipsius
1866 3750 1986 3818 domni
2010 3749 2197 3838 guidonis,
2234 3749 2406 3840 usquein

549 3904 728 3980 termine,
754 3905 816 3992 qui
839 3905 931 3972 fixus
954 3907 1009 3972 θεῖ
1033 3906 1130 3972 inter
1153 3905 1259 3973 istam
1281 3908 1413 3974 sortem
1437 3909 1474 3988 et
1497 3906 1592 3993 ipsas
1617 3924 1675 3972 res
1699 3905 1809 3992 ipsius
1832 3905 1952 3972 domni
1983 3905 2157 3992 guidoni,
2194 3907 2337 3994 longius
2360 3910 2406 3976 ab

548 4059 624 4146 ipsa
648 4059 810 4135 ecclesia,
836 4059 931 4150 passi
954 4065 1105 4126 centum
1128 4058 1295 4138 sedecim,
1321 4077 1441 4146 passos
1465 4061 1638 4126 ducentos
1662 4063 1753 4136 octo,
1780 4063 1824 4126 Et
1848 4079 1914 4146 pro
1938 4059 2153 4148 cognitionis
2177 4079 2286 4130 causa
2309 4079 2407 4132 meu-

547 4231 674 4280 surare
698 4212 766 4280 t'eci
791 4213 885 4300 ipsas
910 4231 968 4279 res
992 4213 1104 4298 ipsius
1128 4213 1249 4280 domni
1272 4211 1465 4298 guidonis,
1491 4215 1527 4278 et
1550 4216 1634 4280 sunt
1657 4231 1722 4299 per
1747 4213 1835 4281 fines
1859 4217 1895 4281 ct
1917 4233 2130 4282 mensuras:
2155 4217 2184 4280 Α
2209 4218 2311 4304 parte
2335 4235 2407 4282 me-

550 4367 654 4436 ridiei
678 4367 746 4433 dne
772 4366 890 4442 illud,
928 4366 1021 4454 quod
1045 4367 1083 4436 in
1109 4367 1188 4454 ipsa
1212 4368 1321 4434 tertia
1343 4369 1438 4434 sorte
1462 4366 1670 4436 adiunctum
1695 4371 1776 4435 est:
1816 4369 1847 4434 A
1871 4371 1975 4455 parte
1998 4369 2191 4436 occidentis
2213 4371 2282 4436 fine
2306 4375 2405 4438 terra

548 4519 657 4610 ipsius
680 4520 888 4588 monasterii
913 4523 949 4588 θῖ
972 4521 1041 4588 vie:
1068 4523 1097 4587 Α
1121 4523 1224 4608 parte
1248 4521 1510 4607 septemtrionis
1533 4522 1603 4588 fine
1627 4521 1686 4589 via
1710 4521 1844 4590 antica:
1870 4522 1901 4588 A
1924 4524 2026 4608 parte
2049 4523 2197 4592 orientis
2220 4525 2289 4594 fine
2305 4529 2404 4592 terra

547 4673 641 4744 sacri
665 4673 881 4742 salernitani
904 4674 1191 4762 archiepiscopii.
1232 4677 1277 4742 Et
1300 4674 1454 4742 revolvit
1476 4675 1514 4741 in
1537 4675 1617 4760 ipsa
1640 4677 1744 4760 parte
1767 4673 1915 4742 orientis
1954 4693 2064 4763 usque
2096 4677 2250 4746 medium
2288 4678 2404 4766 ipsum

550 4830 810 4898 vallimonium.
837 4831 881 4896 Et
905 4829 1055 4896 revolvit
1079 4830 1117 4896 in
1139 4833 1243 4916 parte
1268 4829 1431 4900 meridiei
1454 4848 1543 4915 erga
1560 4829 1676 4916 ipsum
1692 4828 1951 4908 vallimonium,
1970 4831 2066 4918 passi
2081 4833 2311 4919 septuaginta
2325 4853 2402 4903 sex.

550 4989 594 5054 Εῖ
616 4983 740 5052 dimisi
764 4983 858 5050 viam
882 5002 1104 5052 communem
1129 5003 1193 5071 per
1216 4985 1311 5072 ipsas
1333 4987 1457 5063 sortes,
1475 4987 1513 5051 θῖ
1535 5005 1600 5072 per
1623 4984 1718 5072 ipsas
1743 5004 1802 5053 res
1827 4985 1939 5072 ipsius
1955 4985 2075 5054 domni
2089 4986 2253 5072 guidonis
2268 4991 2315 5058 ab
2331 4989 2404 5078 ipso

553 5138 660 5208 fluvio
684 5139 846 5208 tusciano
871 5158 981 5227 usque
1005 5140 1145 5228 inipso
1169 5141 1227 5208 via
1251 5141 1384 5221 antica,
1410 5161 1479 5230 que
1502 5145 1557 5212 est
1580 5143 1618 5210 in
1642 5143 1721 5230 ipsa
1748 5147 1850 5230 parte
1873 5145 2149 5234 septemtrionis,
2174 5148 2284 5216 talem
2309 5149 2402 5217 viam

553 5311 618 5378 per
643 5312 749 5378 quam
774 5291 829 5358 illi
852 5296 889 5360 et
912 5293 1057 5362 illorum
1081 5294 1242 5370 heredes,
1268 5297 1305 5362 et
1327 5294 1514 5374 homines,
1556 5315 1642 5383 quos
1666 5293 1733 5384 ipsi
1757 5298 1937 5366 voluerint
1958 5318 2040 5368 oum
2062 5301 2225 5370 omnibus
2259 5302 2402 5370 illorum

548 5445 858 5531 congruitatibus,
885 5445 938 5514 irs
962 5451 998 5516 θῖ
1023 5449 1151 5516 redire·
1166 5447 1300 5535 possint
1323 5447 1426 5516 iuxta
1450 5449 1638 5516 rationem.
1666 5451 1710 5518 Et
1733 5450 1919 5520 licentiam
1942 5454 2099 5524 habeant
2122 5455 2177 5522 illi
2199 5457 2236 5521 et
2258 5455 2401 5525 illorum

550 5601 699 5668 heredes
722 5603 759 5667 et
784 5601 967 5680 homines,
995 5623 1081 5690 quos
1106 5603 1173 5690 ipsi
1198 5604 1396 5682 voluerint,
1422 5605 1476 5672 ire
1499 5609 1535 5674 et
1559 5606 1677 5685 redire
1701 5625 1762 5695 per
1786 5607 1881 5676 viam
1904 5605 2109 5697 puplicam,
2135 5629 2204 5698 que
2227 5615 2282 5678 est
2303 5613 2402 5680 intra

547 5753 649 5824 illud.
685 5755 777 5841 quod
800 5755 846 5823 in
862 5755 940 5844 ipsa
964 5757 1080 5842 prima
1103 5762 1198 5826 sorte
1222 5759 1429 5838 adiunctum
1453 5761 1520 5828 θεῖ.
1547 5762 1623 5846 Ipsa
1648 5777 1733 5826 vero
1750 5761 1899 5830 ecclesia
1921 5763 2038 5830 sancti
2055 5763 2120 5832 viti
2144 5784 2212 5852 quc
2236 5769 2290 5834 θεῖ
2304 5766 2402 5836 iutra
