5372 7106
1020 547 1107 626 DE
1151 547 1530 629 LAPIDIBUS
2112 553 2161 628 31

592 749 741 815 Goulos
766 749 969 816 GAVENSE
1313 752 1439 820 Patra.
1465 751 1721 820 AUOTARIUM
1745 755 1808 820 EX
1831 755 1981 821 Goulos]
2004 751 2195 820 GAVENSI

1679 895 1704 962 f.
1733 894 1809 961 191.

321 1107 445 1177 turias.
472 1111 620 1194 propter
643 1109 737 1196 quod
767 1108 946 1194 ydropicis
974 1107 1011 1174 in
1035 1111 1157 1195 potum
1181 1107 1243 1173 da·
1288 1119 1382 1204 quod
1420 1117 1622 1206 hydropicis
1657 1120 1694 1185 in
1722 1121 1819 1206 potu.
1850 1173 1857 1188 .
1887 1172 1894 1187 .
1925 1173 1932 1187 .
1959 1140 2023 1208 per
2045 1122 2206 1188 ventrem

321 1243 404 1307 tur.
442 1245 478 1308 et
513 1261 653 1309 omoern
690 1243 872 1309 humorem
906 1262 970 1330 per
993 1245 1154 1310 ventrem
1178 1241 1243 1308 mi·
1288 1252 1468 1319 ministat:

321 1375 465 1444 nistret.

367 1519 473 1604 Lapis
497 1522 652 1606 gagatis.
670 1523 817 1607 Gagatis
833 1523 925 1611 lapis
940 1525 1126 1611 colligitur
1143 1527 1180 1594 in
1196 1527 1244 1594 si·
1331 1537 1441 1622 Lapis
1464 1535 1626 1620 (iugatis.
1651 1537 1798 1622 Gagatis
1831 1499 1926 1623 lapis
1959 1539 2146 1625 colligitur
2169 1539 2206 1608 in

319 1658 411 1724 cilia
436 1660 535 1726 circa
559 1661 657 1747 ripas
680 1663 848 1730 fluminis.
867 1664 959 1750 quod
983 1664 1161 1731 comantis
1186 1685 1244 1730 vo-
1286 1667 1420 1736 Sicilia.
1450 1721 1457 1734 .
1487 1723 1495 1736 .
1525 1723 1532 1736 .
1573 1670 1689 1739 minus
1714 1673 1805 1759 quod
1848 1675 2024 1742 currentis
2062 1677 2205 1743 vocant.

321 1795 438 1860 catur.
463 1799 500 1861 et
523 1799 578 1862 est
591 1797 717 1905 ⁸colore
742 1799 847 1885 niger
871 1805 908 1866 et
934 1801 1057 1868 aridus
1079 1804 1117 1869 et
1139 1803 1242 1888 quasi
1285 1812 1331 1876 Et
1352 1811 1406 1876 est
1428 1806 1543 1876 colore
1568 1811 1682 1896 niger.
1712 1864 1720 1878 .
1749 1864 1756 1879 .
1787 1865 1794 1879 .
1820 1817 1856 1879 et
1879 1812 1981 1900 quasi
2006 1815 2116 1880 letosa
2142 1811 2199 1895 (l),

323 1931 435 1999 letusa
459 1933 548 2000 levis
571 1934 687 2002 valde.
725 1935 827 2020 cujus
850 1939 904 2002 est
930 1937 1058 2004 melior
1082 1940 1166 2024 quia
1189 1937 1243 2004 lu·
1285 1940 1374 2006 levis
1397 1941 1527 2018 valde,
1553 1941 1655 2027 cujus
1678 1947 1733 2012 est
1756 1945 1882 2011 melior
1912 1944 2009 2031 quia.
2040 1997 2046 2009 .
2077 1997 2084 2010 .
2115 1997 2122 2010 .
2151 1962 2208 2011 ac-

319 2095 432 2143 cerna
459 2076 668 2148 accenditur
702 2077 821 2146 facile.
858 2079 895 2142 ct
929 2077 1071 2144 odorem
1101 2078 1240 2164 aspaldi
1285 2074 1451 2141 cenditur
1474 2074 1579 2140 facile
1604 2074 1648 2141 ed
1671 2075 1814 2142 odorem
1839 2078 1976 2163 aspaldi
2006 2079 2123 2154 habet;
2148 2096 2210 2164 po-

325 2221 446 2287 habet.
472 2225 588 2307 potest
606 2222 702 2288 enim
728 2221 914 2288 remissum
929 2239 975 2288 ex
1000 2239 1092 2308 aqua
1107 2222 1144 2286 et
1159 2221 1242 2287 den·
1285 2207 1354 2272 lesi
1377 2208 1486 2272 essim·
1508 2257 1515 2271 ·
1537 2259 1544 2272 ·
1568 2255 1575 2271 ·
1602 2223 1648 2272 θΧ
1673 2224 1768 2293 adua
1791 2209 1828 2273 θῑ
1847 2207 1970 2274 denies
1986 2210 2047 2294 (lui
2064 2210 2207 2294 agilan·

321 2359 373 2426 tes
398 2361 460 2446 qui
485 2361 671 2447 agitantur
694 2360 875 2444 stringere
898 2363 936 2428 et
959 2360 1098 2427 stabilis
1122 2365 1239 2428 erunt.
1286 2346 1346 2408 tur
1370 2341 1562 2427 stringes&
1589 2343 1625 2407 et
1647 2343 1795 2410 stabiles
1819 2347 1938 2410 erunt·

368 2494 472 2581 Lapis
495 2495 662 2562 straieus.
689 2495 846 2560 Straicus
883 2495 975 2581 lapis
998 2497 1052 2563 est
1079 2495 1183 2580 niger
1206 2498 1243 2562 et
1328 2483 1433 2567 Sapis
1458 2483 1635 2549 Stratius·
1661 2481 1815 2549 stilicus
1839 2475 1931 2570 lapis
1962 2485 2016 2548 esi
2044 2482 2147 2567 niger
2171 2488 2208 2552 θῐ

318 2630 425 2716 quasi
449 2631 570 2698 calcus
587 2633 637 2713 (l)
654 2630 816 2697 nascitur
842 2634 879 2697 in
903 2632 1025 2717 pontia
1048 2633 1108 2719 qui
1133 2633 1188 2698 est
1202 2630 1240 2696 iu
1283 2619 1383 2708 quasi
1408 2617 1537 2684 Galeris
1555 2669 1562 2682 ·
1582 2667 1589 2680 ·
1608 2667 1614 2680 ·
1636 2669 1643 2683 ·
1662 2618 1812 2701 (ascitur
1836 2619 1876 2685 in
1900 2618 2057 2696 P0niias‚
2076 2627 2136 2709 qui
2154 2629 2208 2692 est

318 2771 458 2837 Exchia
482 2772 544 2856 (2).
571 2769 665 2836 vires
688 2770 830 2837 easdem
854 2771 961 2836 habet
984 2789 1073 2856 quas
1095 2773 1239 2856 gagatis
1282 2766 1319 2832 in
1344 2761 1479 2828 Achaia
1502 2761 1592 2843 (cod.
1619 2758 1658 2826 iu
1681 2759 1811 2840 achia).
1848 2761 1955 2828 Vires
1978 2764 2120 2832 easdem
2145 2767 2208 2832 ha·

313 2911 395 2994 (sic)
420 2913 457 2976 et
480 2909 613 2976 dicitur
637 2907 784 2976 accendi
809 2909 855 2974 ab
878 2925 983 2992 aqua.
1012 2911 1049 2975 et
1072 2909 1238 2995 extingui
1283 2910 1341 2976 bet
1364 2923 1451 2993 quas
1473 2903 1640 2989 Gagactis
1665 2906 1743 2987 (stc)
1768 2905 1804 2969 et
1836 2903 1969 2972 dicitur
1993 2907 2136 2975 accendi
2160 2909 2207 2976 ab

314 3052 361 3118 ab
384 3051 470 3118 oleo.
1282 3063 1377 3130 aqua
1400 3047 1437 3109 et
1460 3043 1626 3129 extingui
1649 3047 1696 3129 ab
1719 3044 1809 3110 oleo.

363 3157 684 3278 Lapisquatratus.
701 3193 895 3268 Quadratus
907 3190 1000 3277 lapis
1021 3191 1059 3258 in
1076 3155 1237 3278 Aegypto
1328 3188 1437 3271 Lapis
1469 3186 1688 3257 Quadratus.
1713 3188 1916 3264 Quadratus
1952 3187 2045 3274 lapis
2079 3188 2116 3256 in
2141 3189 2208 3254 Ae-

314 3329 513 3398 invenitur.
530 3332 568 3397 et
590 3334 645 3398 est
667 3329 868 3398 exalvidus.
887 3330 982 3398 vires
1006 3331 1116 3397 habet
1138 3331 1241 3398 visci·
1282 3330 1392 3414 gypto
1415 3325 1597 3396 invenitur
1620 3331 1657 3394 et
1679 3331 1731 3396 est
1759 3329 1946 3398 exolvidus
1979 3331 2206 3414 (subalbusl)

314 3471 359 3539 de
383 3471 617 3558 stringentis.
655 3472 747 3540 unde
782 3477 991 3558 conceptum
1015 3474 1136 3539 vetere
1160 3475 1239 3557 (stc)
1282 3475 1376 3544 vires
1400 3479 1508 3544 habet
1537 3476 1667 3543 viscide
1702 3475 1915 3562 stringentis
1952 3476 2045 3543 unde
2080 3492 2208 3542 conce-

320 3611 483 3677 nascitur
508 3610 544 3676 in
569 3608 751 3695 aethiopia
774 3610 866 3692 (sic).
1281 3619 1379 3702 ptum
1405 3619 1530 3682 ventre
1553 3615 1709 3682 dicitur.
1732 3668 1738 3682 .
1760 3669 1766 3680 .
1789 3615 1996 3682 ,invenitur
2021 3615 2060 3682 in
2084 3613 2207 3681 Aethi-

1280 3755 1374 3842 opia.

360 3885 466 3969 Lapis
490 3885 632 3969 frigius.
659 3884 803 3972 Frigius
826 3887 918 3972 lapis
942 3887 980 3954 in
1011 3887 1120 3974 frigia
1143 3889 1239 3960 inve·
1328 3897 1437 3982 Lapis
1462 3895 1663 3978 Phrygius.
1701 3893 1877 3980 Phrygius
1913 3895 2006 3979 lapis
2029 3894 2067 3961 in
2091 3895 2206 3977 Phry-

314 4019 415 4089 nitur
442 4023 544 4108 qu'us
569 4021 697 4090 melior
719 4027 774 4092 est
796 4027 856 4111 qui
874 4027 1095 4111 pallidaster.
1121 4030 1158 4102 et
1172 4029 1240 4096 ali·
1280 4033 1342 4120 gia
1366 4030 1560 4107 invenitur,
1587 4029 1689 4116 cujus
1712 4031 1840 4096 melior
1864 4032 1918 4097 est
1940 4029 2002 4116 qui
2024 4031 2078 4096 est
2101 4028 2207 4115 palli·
2233 3993 2237 4000 ι

311 4163 491 4248 quatenus
514 4161 662 4248 gravis.
695 4161 755 4229 hic
778 4180 820 4228 eo
843 4163 934 4250 quod
959 4165 1109 4234 nimium
1134 4167 1240 4234 strin-
1281 4168 1414 4242 daster‚
1431 4181 1468 4232 et
1492 4166 1718 4252 aliquatenus
1742 4167 1877 4252 gravis.
1897 4166 1961 4232 Hic
1977 4183 2017 4232 eo
2043 4165 2136 4252 quod
2153 4165 2206 4232 ni·

313 4303 380 4388 git.
407 4303 443 4367 et
467 4303 677 4369 exulcerare
701 4305 802 4370 solet.
1283 4301 1392 4368 mium
1415 4301 1577 4385 stringit,
1604 4305 1640 4366 et
1663 4301 1871 4368 exulcerare
1894 4301 1994 4368 solet.

362 4437 468 4525 Lapis
491 4441 688 4526 galactitis.
715 4443 902 4510 Galactitis
938 4445 1031 4531 lapis
1059 4447 1113 4512 est
1137 4446 1238 4533 quasi
1325 4439 1436 4526 Lapis
1461 4439 1662 4509 Galactitr's.
1687 4419 1873 4505 Galactitis
1907 4435 2000 4524 lapis
2023 4441 2077 4504 est
2100 4440 2203 4526 quasi

312 4577 513 4645 cineratus.
550 4581 684 4665 agutus
706 4583 743 4647 et
777 4579 905 4647 dulcis.
941 4582 1125 4651 humorem
1153 4583 1240 4652 lacit
1281 4579 1486 4660 cineratus,
1523 4585 1650 4651 acutus
1673 4585 1711 4650 et
1733 4580 1862 4650 dulcis.
1899 4587 2088 4647 Humorem
2119 4581 2208 4648 iacit

314 4713 418 4800 quasi
444 4716 561 4782 lactis.
587 4716 739 4783 lenitum
756 4717 924 4802 stringet.
943 4720 980 4785 et
1002 4719 1048 4787 ad
1070 4723 1240 4791 lacrimas
1281 4719 1523 4806 quaeritantis,
1548 4720 1683 4788 lenitus
1705 4719 1866 4805 stringit,
1896 4720 1934 4784 ct
1956 4717 2003 4785 ad
2027 4717 2206 4802 lacrymas

310 4855 495 4922 oculorum
521 4856 620 4924 lacit.
1281 4863 1464 4931 oculorum
1488 4859 1587 4928 lacit.

371 5415 420 5497 (1)
443 5417 468 5476 ΙΙ
490 5437 522 5478 n.
547 5436 576 5480 c.
598 5417 640 5477 ha
661 5416 783 5487 calcus,
806 5417 830 5478 l.
854 5415 996 5496 chalcus,
1018 5435 1080 5477 non
1101 5415 1221 5477 cotem.

368 5561 417 5642 (2)
439 5562 508 5622 Non
530 5561 668 5640 Achaia,
690 5581 742 5622 ma
765 5561 980 5624 chiaramente
1002 5560 1145 5621 esuritio
1166 5561 1218 5620 nei
1233 5581 1265 5620 n.
1284 5578 1312 5620 c.
1329 5558 1470 5628 Eaechia3
1486 5577 1503 5617 e
1520 5558 1630 5619 l'isoia
1652 5557 1684 5616 di
1705 5557 1810 5619 Ponza
1831 5557 2088 5640 neiiaroipelago
2105 5559 2186 5620 Gae-

326 5709 400 5769 sano
421 5726 484 5769 non
505 5705 590 5768 dista
610 5725 690 5786 gran
711 5707 789 5768 fatto
810 5705 972 5768 dall'isola
994 5703 1148 5773 d'Ischia,
1172 5703 1300 5765 Eaechiu
1315 5723 1333 5763 o
1349 5703 1499 5776 Ecschs'a3
1521 5702 1561 5763 ed
1576 5707 1811 5782 appartengono
1827 5703 1983 5764 ambedue
1999 5703 2062 5765 aila
2082 5708 2184 5765 stesso

325 5852 497 5931 prouincia.
