5454 7104
624 467 690 542 lto
907 539 910 548 ,
1253 465 1433 538 conell
1478 463 1742 539 cavensis

570 663 687 730 labori
713 663 778 748 ipsi
804 662 974 730 tritulare
999 665 1035 728 et
1058 662 1224 729 conciare
1249 658 1322 748 ipsc
1347 661 1480 730 bictum
1505 665 1634 730 bonnm
1656 711 1663 738 ‚
1689 662 1782 729 sicut
1804 664 2001 739 meruerit,
2028 664 2064 726 et
2087 663 2262 749 integram
2290 660 2427 726 tertiam

570 819 676 903 parte
701 817 737 882 in
763 835 847 902 pars
871 818 982 884 nostri
1007 817 1202 884 monasteri
1225 816 1307 884 inde
1331 816 1451 893 deant,
1477 819 1514 884 et
1537 818 1605 883 due
1627 817 1733 884 sortis
1756 816 1818 883 ille
1842 815 1924 884 inde
1947 815 2014 884 sibi
2039 819 2181 892 abeant,
2207 813 2376 882 similiter
2391 817 2430 880 et

569 972 614 1038 de
638 972 716 1058 ipsa
739 973 845 1057 palea
870 989 941 1036 una
965 971 1110 1038 tertiam
1135 974 1239 1058 parte
1262 969 1391 1038 exinde
1417 972 1454 1038 in
1479 989 1562 1058 pars
1587 971 1699 1039 nostri
1724 969 1931 1038 monasterii
1969 970 2068 1038 dare.
2107 974 2151 1036 tlt
2186 971 2216 1038 si
2241 969 2368 1037 amodo
2392 971 2428 1034 et

566 1145 677 1210 usque
702 1125 776 1210 ipso
799 1125 1031 1192 constitutum
1058 1143 1121 1210 per
1145 1144 1277 1192 cinnum
1301 1129 1426 1216 ortora
1447 1125 1496 1194 ibi
1521 1126 1659 1202 fecerit,
1685 1126 1727 1193 de
1751 1127 1863 1192 omnis
1887 1125 2059 1202 lindiam,
2078 1144 2187 1212 quam
2210 1125 2253 1192 de
2277 1123 2355 1210 ipsa
2371 1143 2428 1190 re-

569 1281 633 1348 bus
656 1279 800 1352 exierit,
828 1277 972 1364 integra
995 1283 1142 1347 tertiam
1166 1283 1268 1366 parte
1294 1283 1330 1346 in
1355 1299 1435 1366 pars
1461 1280 1571 1348 nostri
1598 1279 1805 1348 monasterii
1829 1279 1874 1348 ad
1898 1279 1973 1365 ipsc
2001 1279 2147 1346 missum
2171 1280 2271 1356 dare,
2297 1281 2333 1344 et
2356 1277 2425 1348 due

564 1434 671 1500 sortis
697 1433 781 1500 inde
804 1433 873 1544 sibi
897 1436 1014 1500 abere.
1042 1433 1094 1500 nd
1118 1433 1185 1519 ipsi
1208 1437 1286 1501 octo
1311 1433 1397 1500 anni
1422 1433 1601 1519 completi,
1627 1437 1706 1516 post
1729 1431 1804 1501 aire
1828 1435 2027 1510 recollecte,
2046 1435 2242 1520 predictam
2268 1437 2424 1502 nostram

565 1587 796 1656 traditionem
822 1588 1015 1654 remictant
1038 1587 1075 1652 in
1101 1605 1185 1672 pars
1210 1557 1323 1655 nostri
1347 1587 1568 1662 monasterii,
1586 1589 1622 1654 et
1644 1587 1695 1654 sic
1719 1588 1829 1654 liceat
1851 1588 1955 1654 illum
1980 1587 2115 1654 eteius
2139 1589 2260 1654 eredes
2283 1593 2320 1654 et
2335 1588 2423 1654 omi-

566 1759 639 1818 nes
665 1760 734 1827 que
758 1741 807 1808 ibi
831 1740 876 1807 ad
900 1740 1139 1808 laborandum
1163 1739 1314 1813 miserit,
1334 1739 1415 1807 inde
1440 1741 1543 1807 exire
1566 1761 1645 1808 cum
1670 1743 1785 1808 omnis
1810 1742 1956 1808 illorum
1982 1762 2091 1810 causa
2107 1742 2265 1810 mobilia.
2291 1744 2424 1828 Deque

573 1915 637 1982 per
660 1895 923 1962 combenientia
947 1895 1082 1980 gandia
1107 1897 1207 1962 nobis
1232 1897 1305 1980 ipse
1330 1895 1531 1964 romoaldus
1554 1897 1731 1982 presbiter
1754 1897 1833 1966 dedi
1869 1902 1905 1964 et
1928 1898 2158 1966 mediatorem
2196 1899 2282 1966 milri
2311 1897 2427 1984 posuit

564 2049 732 2133 seipsnnn
759 2052 795 2114 et
818 2068 882 2134 per
905 2049 983 2134 ipsa
1007 2049 1138 2134 guadia.
1161 2053 1230 2116 etc:
1266 2052 1412 2116 Sintula
1440 2051 1572 2118 irridete
1598 2055 1754 2136 tripintn
1777 2057 1865 2121 cereri
1895 2055 2091 2120 solidorum
2117 2058 2425 2123 colistnntinionn-

565 2225 664 2269 mon.
691 2203 787 2278 (laod
811 2203 937 2288 scripsi
962 2223 1028 2288 ego
1052 2202 1217 2270 alderissi
1241 2205 1410 2272 notarius.

609 2358 635 2448 †
663 2363 731 2446 ligo
756 2360 988 2445 truppoaldns
1014 2358 1174 2425 notarius
1198 2377 1254 2424 me
1278 2359 1481 2443 subscripsi.

609 2511 635 2601 †
663 2515 734 2596 ligo
757 2512 941 2579 clarilerius
967 2512 1130 2578 notarius
1156 2533 1209 2578 nm
1233 2511 1438 2597 subscripsi.

1367 2898 1621 2978 snGXLII

1343 3146 1404 3218 A.
1435 3143 1493 3218 D.
1524 3143 1649 3217 1050

610 3440 636 3530 †
663 3443 698 3505 ln
725 3440 865 3508 nomine
890 3439 1022 3508 domini
1047 3441 1225 3508 tricesimo
1249 3442 1402 3508 secundo
1427 3461 1520 3508 arrno
1545 3433 1771 3528 principatus
1794 3441 1913 3508 domni
1938 3437 2051 3507 nostri
2074 3440 2254 3526 guaimari
2277 3441 2424 3526 gloriosi

569 3595 753 3682 principis,
792 3599 835 3662 llt
858 3595 1064 3663 duodecimo
1089 3615 1183 3663 anno
1208 3597 1358 3663 ducatus
1382 3597 1459 3662 eius
1483 3596 1634 3671 amalfis,
1676 3596 1720 3660 Et
1745 3593 1929 3660 undecimo
1953 3612 2046 3659 anno
2075 3594 2225 3660 ducatus
2257 3595 2332 3660 eius
2356 3596 2423 3661 sir-

544 3747 676 3824 ‘renti,
704 3751 747 3814 Et
771 3768 863 3815 nono
887 3768 981 3816 anno
1006 3748 1229 3836 principatus
1253 3753 1289 3814 et
1313 3749 1471 3833 ipsorum
1496 3749 1689 3815 ducatuum
1714 3748 1834 3815 domni
1869 3747 1988 3834 gisulfi
2026 3747 2151 3814 eximii
2186 3747 2357 3834 principis
2382 3752 2425 3815 Et

563 3905 674 3972 ducis
689 3905 759 3970 filii
784 3905 888 3982 eiam,
915 3925 1034 3972 mense
1060 3906 1196 3981 IulinS,
1223 3907 1332 3972 tertia
1357 3905 1562 3970 indictione.
1602 3908 1675 3990 Ego
1701 3903 1779 3970 bibo
1803 3902 1898 3970 filius
1922 3903 2098 3989 quondam
2123 3903 2215 3989 petri
2239 3903 2282 3969 de
2307 3903 2423 3970 locum

575 4058 806 4125 transbeneia
822 4059 996 4134 clarifico,
1012 4058 1178 4145 quoniam
1203 4058 1358 4144 pertinet
1381 4057 1488 4124 michi
1513 4061 1645 4124 habere
1670 4059 1775 4122 rebus
1800 4057 1836 4122 in
1860 4057 1982 4124 eodem
2005 4059 2081 4124 loco
2105 4058 2345 4132 transtmneia
2366 4057 2424 4124 ubi

565 4213 827 4297 catagrisnlum
851 4213 997 4290 dicitnr,
1016 4233 1084 4299 que
1108 4215 1162 4280 est
1187 4215 1284 4278 terra
1308 4231 1387 4278 cum
1413 4212 1663 4288 castanietum,
1690 4215 1734 4277 Et
1756 4215 1810 4277 est
1834 4212 1928 4278 infra
1951 4213 2016 4278 hec
2032 4213 2125 4279 finis:
2151 4215 2197 4279 lle
2214 4212 2313 4298 pede,
2334 4211 2424 4298 quod

565 4370 620 4432 est
643 4386 666 4433 a
689 4371 791 4452 parte
815 4367 1092 4454 septemtrionis,
1109 4367 1177 4432 llne
1202 4366 1260 4432 bia
1285 4385 1352 4452 que
1369 4366 1541 4432 discernit
1564 4384 1586 4432 a
1612 4368 1717 4432 reims
1735 4365 1882 4432 iohanni
1900 4369 2050 4450 cognato
2075 4386 2186 4444 mens,
2205 4367 2297 4432 illins
2315 4385 2425 4452 quon-

569 4522 651 4588 dam
675 4521 830 4607 iaqninti
856 4517 1060 4608 apuliense:
1090 4523 1118 4586 A
1143 4523 1246 4606 parte
1269 4520 1463 4586 occidentis
1487 4521 1556 4586 line
1581 4519 1696 4586 medio
1721 4519 1888 4596 ballone,
1914 4519 2072 4606 qualiter
2095 4521 2261 4588 ascendit
2284 4525 2320 4588 et
2343 4541 2426 4588 con-

568 4675 689 4761 iungit
712 4677 750 4742 in
774 4674 891 4742 media
913 4695 1042 4752 serra,
1084 4681 1121 4742 et
1144 4696 1208 4762 per
1232 4677 1310 4761 ipsa
1333 4694 1435 4741 serra
1460 4675 1666 4742 rebolbente
1690 4673 1729 4741 in
1754 4677 1856 4761 parte
1884 4676 2149 4761 septemtrionis
2185 4679 2221 4740 et
2244 4675 2425 4743 descendit

569 4849 633 4914 per
657 4831 771 4898 medio
794 4849 941 4898 serrone
968 4833 1003 4897 in
1028 4831 1105 4918 ipsa
1129 4835 1231 4918 parte
1255 4831 1546 4916 septemtrionis,
1584 4833 1620 4896 et
1644 4827 1832 4914 coniungit
1854 4829 1891 4894 in
1916 4829 2029 4914 ipsam
2070 4831 2164 4897 biam
2200 4832 2317 4916 priore
2341 4833 2421 4898 line.

569 4987 615 5050 De
640 4986 809 5052 iamdicta
834 4989 938 5053 rebus
963 4987 1058 5052 intra
1083 4987 1239 5072 predicte
1264 4986 1343 5052 finis
1367 4985 1524 5070 pertinet
1547 4985 1628 5050 inde
1645 4983 1752 5051 michi
1777 4987 1943 5070 quartem
1967 4987 2118 5069 partem,
2137 4985 2179 5050 de
2206 4987 2343 5072 relique
2360 4988 2424 5051 tri-

570 5142 634 5204 bus
658 5141 822 5225 partibus
846 5141 1001 5226 pertinet
1026 5140 1135 5208 michi
1157 5141 1253 5207 insra
1276 5141 1433 5226 predicte
1457 5139 1536 5206 finis
1560 5138 1741 5222 integram
1765 5139 1917 5223 partem,
1941 5157 2009 5224 que
2033 5139 2101 5205 luit
2125 5139 2308 5226 iaquintns
2331 5141 2423 5208 illins

567 5293 749 5378 qnondam
774 5294 934 5369 landoni,
959 5299 995 5360 et
1018 5294 1153 5379 gentile
1176 5295 1270 5361 filius
1294 5294 1468 5380 qnondam
1494 5291 1645 5359 saracki.
1685 5294 1728 5356 Et
1751 5311 1948 5378 congruum
1973 5295 2027 5358 est
2051 5293 2159 5362 michi
2183 5295 2267 5361 illut
2291 5299 2425 5364 benun·

572 5447 659 5515 dare
682 5447 794 5533 ipsius
817 5447 966 5516 iohanni
990 5451 1142 5532 cognato
1166 5468 1264 5515 meus
1288 5449 1359 5514 lilio
1383 5448 1617 5536 suprascripti
1642 5449 1808 5536 iaquinti‚
1835 5448 1980 5517 ntideo
2004 5469 2069 5536 ego
2085 5453 2312 5538 supradictus
2330 5453 2421 5526 bibo,

567 5601 662 5668 sicut
685 5601 793 5667 michi
818 5621 1011 5690 congruum
1037 5607 1117 5680 est,
1144 5624 1220 5670 mea
1246 5608 1335 5671 burm
1363 5605 1582 5678 bolumtate,
1608 5624 1668 5690 per
1692 5623 1758 5671 alic
1783 5606 1959 5672 cartulam
1984 5626 2103 5674 coram
2129 5609 2311 5694 presentia
2335 5609 2424 5676 sico

569 5777 650 5824 nem
675 5759 839 5824 comitem
866 5771 902 5825 et
927 5760 1079 5826 iudicem
1105 5759 1217 5826 bendo
1243 5757 1306 5826 tibi
1331 5759 1573 5846 suprascripto
1599 5761 1770 5827 iohannes
1794 5763 1946 5846 cognato
1969 5779 2068 5828 meus
2106 5761 2287 5848 integram
2310 5766 2424 5850 ipsam
