5454 7104
1010 477 1418 554 nll>lblllllc118
2039 487 2081 578 Η

270 676 310 740 et
328 672 465 740 termiti
483 671 665 747 disseruit,
678 672 759 739 inde
775 672 870 758 passi
883 672 1153 760 quaddraginta
1167 677 1205 738 et
1220 672 1387 749 medium;
1399 675 1437 740 et
1452 675 1581 742 abinde
1598 676 1802 744 revolbente
1818 677 1856 746 iu
1872 683 1975 766 parte
1990 680 2139 750 orientis

271 848 335 916 per
361 829 440 896 llnis
464 829 576 916 ipsius
599 829 762 902 ecclesie,
788 827 880 896 sicut
903 827 1018 894 limite
1041 830 1078 894 et
1101 827 1237 895 termiti
1260 827 1442 906 disseruit,
1468 833 1553 898 suut
1574 830 1657 898 inde
1680 831 1774 918 passi
1796 833 1947 920 triginta
1969 834 2064 913 duo;
2089 841 2127 903 et

270 983 404 1052 iterum
431 984 638 1050 revolbente
662 982 700 1049 in
725 983 827 1068 parte
851 979 1000 1047 meridie
1023 999 1087 1068 per
1111 981 1191 1049 fluis
1213 982 1381 1050 similiter
1405 983 1516 1070 ipsius
1540 984 1701 1062 ecclesie,
1726 985 1820 1052 sicut
1835 986 1918 1054 inde
1934 987 1993 1055 via
2010 988 2132 1057 antica

271 1138 453 1214 disseruit,
480 1139 542 1225 qui
566 1138 724 1205 assendit
748 1138 794 1203 ab
817 1135 891 1202 alia
915 1136 1017 1200 rebus
1040 1135 1151 1223 ipsius
1173 1138 1335 1218 ecclesie,
1356 1140 1415 1207 ubi
1439 1141 1540 1208 modo
1564 1141 1752 1210 cellarium
1768 1144 1853 1210 abet
1875 1143 1954 1230 ipsa
1969 1144 2130 1222 ecclesia,
2206 1207 2209 1219 .

266 1297 356 1362 sunt
380 1293 462 1360 iude
487 1293 581 1380 passi
604 1292 835 1380 septuaginta
857 1309 934 1358 sex.
954 1293 983 1356 Α
1007 1295 1111 1377 parte
1135 1294 1293 1361 meridiei
1317 1293 1485 1380 similiter
1507 1295 1577 1362 flue
1593 1295 1704 1382 ipsius
1719 1297 1880 1375 ecclesie,
1899 1298 1992 1366 sicut
2014 1298 2129 1367 limite

270 1447 451 1524 disseruit,
479 1466 589 1534 usque
613 1447 650 1514 iu
675 1447 752 1534 ipsa
775 1448 893 1533 priore
916 1448 998 1524 tine,
1023 1450 1107 1513 suut
1130 1447 1213 1514 iude
1236 1447 1331 1534 passi
1354 1450 1497 1514 centum
1522 1447 1651 1536 biginti
1669 1425 1777 1516 uuum
1802 1449 1847 1518 ad
1871 1451 1964 1518 iusto
1988 1472 2130 1540 passum

268 1603 416 1670 homini.
442 1621 481 1670 ec
509 1621 591 1670 vero
617 1605 722 1669 rebus
745 1621 809 1688 per
831 1602 1073 1688 suprascripte
1097 1603 1183 1668 fines
1207 1606 1244 1668 et
1267 1621 1455 1669 mensuras
1482 1601 1608 1669 inclite
1631 1603 1699 1670 due
1722 1607 1836 1670 sortes
1869 1605 1982 1691 ipsius
2016 1607 2125 1676 ciceri

271 1756 483 1824 tradidimus
508 1759 612 1823 natos
636 1759 829 1832 nassentes,
856 1756 917 1822 ille
940 1759 976 1822 et
999 1757 1074 1822 eius
1089 1755 1212 1822 eredes
1236 1755 1318 1821 illut
1341 1757 1483 1834 tenere3
1503 1757 1540 1822 et
1555 1759 1722 1842 quartam
1738 1761 1877 1842 partem
1893 1759 1975 1826 inde
1993 1759 2131 1828 tradidi

267 1911 315 1978 ad
338 1930 481 1996 gemma
513 1911 590 1978 fllia
614 1909 766 1998 predicti
790 1909 936 1979 iohanni
961 1909 1007 1976 ud
1030 1909 1131 1977 illam
1167 1909 1301 1976 eteius
1325 1909 1475 1976 heredes
1501 1913 1602 1976 natos
1626 1913 1808 1978 nassentes
1843 1912 1925 1978 illut
1947 1915 2069 1982 tenere
2094 1919 2131 1982 et

270 2065 457 2140 lavorare3
483 2069 520 2131 et
542 2065 585 2131 de
612 2067 742 2150 quarta
766 2067 867 2150 parte
890 2065 973 2132 inde
996 2062 1128 2131 tradidi
1151 2064 1262 2149 ipsius
1286 2063 1463 2140 moraldi,
1491 2067 1531 2131 ut
1554 2064 1676 2132 diebus
1701 2066 1772 2132 vite
1796 2084 1858 2133 sue
1885 2067 1969 2134 illut
1993 2071 2126 2142 tenere.

267 2223 306 2285 et
329 2238 369 2285 ec
394 2239 477 2286 vero
501 2222 618 2295 rebus,
644 2218 801 2306 qualiter
817 2217 981 2305 superius
1004 2219 1173 2296 diximus
1192 2219 1354 2286 inclitum
1379 2220 1464 2286 illut
1481 2240 1602 2286 eorum
1619 2220 1834 2288 tradidimus
1850 2223 1948 2288 fovee
1963 2227 2000 2290 et
2014 2223 2128 2290 omnis

268 2373 417 2440 illorum
441 2373 609 2441 utilitatis
632 2374 727 2440 iusta
751 2372 926 2440 rationem
957 2371 1088 2440 ividem
1112 2374 1243 2446 iacere,
1267 2375 1304 2436 et
1327 2374 1420 2440 uude
1444 2374 1627 2459 meruerit,
1653 2375 1739 2440 illut
1761 2374 1907 2441 cludere
1931 2379 1967 2442 et
1990 2377 2128 2442 clusum

267 2531 304 2594 ct
326 2523 465 2595 salbum
491 2527 574 2594 illut
597 2531 727 2604 abere3
754 2530 798 2594 El
821 2527 881 2594 ubi
904 2526 1087 2604 meruerit,
1117 2527 1256 2614 inipso
1279 2526 1473 2594 traditione
1497 2531 1685 2614 pasteuare
1709 2528 1783 2595 illis
1808 2530 1954 2596 arbores
1977 2537 2014 2596 et
2038 2531 2128 2598 vites

257 2684 312 2750 de
336 2703 424 2750 vono
449 2683 593 2758 vitineo,
619 2687 655 2749 et
678 2684 763 2749 illut
778 2701 927 2767 surgere
944 2686 980 2748 et
995 2685 1134 2749 surtum
1150 2685 1186 2747 et
1201 2683 1341 2748 salbum
1358 2681 1463 2748 illum
1479 2684 1598 2758 abere,
1616 2685 1652 2748 et
1667 2681 1762 2749 omui
1781 2686 1936 2769 tempore
1960 2683 2003 2750 de
2019 2703 2128 2770 super

266 2843 304 2904 et
327 2839 370 2905 de
396 2837 518 2904 subter
543 2811 671 2902 bonum
695 2835 767 2902 illis
791 2839 956 2904 lavorare
979 2839 1016 2902 et
1038 2835 1209 2914 studiare,
1236 2839 1276 2901 ut
1298 2854 1437 2920 semper
1460 2835 1642 2903 romelius
1666 2835 1855 2921 proficiant
1879 2839 1916 2902 et
1932 2857 2001 2903 nou
2016 2836 2130 2924 dispe-

270 2993 396 3068 reant;
426 2995 462 3056 et
486 2989 609 3056 amodo
633 2993 670 3056 et
692 2989 788 3056 omni
813 2993 971 3074 tempore
995 2988 1111 3075 ipsum
1136 2987 1274 3053 cicerus
1298 2989 1334 3052 et
1351 2988 1470 3072 ipsam
1494 3006 1636 3072 gemma
1659 2991 1695 3052 et
1719 2987 1866 3053 illorum
1890 2987 2066 3064 eredibus,
2092 2990 2128 3053 et

270 3146 347 3232 ipsa
373 3145 539 3213 maralda
554 3146 676 3212 drebus
702 3146 772 3212 vite
788 3165 850 3211 sue
867 3164 930 3232 per
947 3149 1104 3231 tempore
1120 3145 1164 3211 de
1180 3141 1355 3210 vindemie
1372 3103 1507 3208 faciant
1524 3161 1586 3207 uos
1601 3141 1706 3216 scire,
1726 3145 1766 3208 ut
1781 3141 1910 3208 ividem
1927 3141 2126 3226 dirigamus

271 3300 420 3366 missum
447 3305 628 3377 nostrum,
654 3303 694 3365 et
713 3299 828 3384 ipsum
852 3299 990 3364 cicerus
1013 3301 1049 3364 et
1072 3298 1150 3384 ipsa
1173 3306 1338 3382 gemma,
1363 3299 1400 3362 et
1423 3296 1568 3364 illorum
1592 3295 1779 3373 eredibuS,
1806 3299 1842 3362 et
1865 3295 1943 3382 ipsa
1966 3298 2128 3364 maralda

269 3457 353 3541 apto
378 3457 534 3540 tempore
550 3453 636 3540 ipsis
651 3453 806 3520 arbustis
822 3451 1055 3528 vindemiare,
1073 3454 1108 3516 et
1123 3450 1235 3519 omnis
1252 3451 1374 3516 viuum
1390 3453 1426 3516 et
1441 3470 1546 3536 poma
1561 3449 1690 3516 exinde
1707 3449 1827 3536 inique
1844 3450 1889 3516 ad
1906 3451 2127 3537 palmentum

268 3611 450 3678 internos
474 3609 675 3678 dividamus
698 3628 762 3694 per
786 3609 1032 3682 medietatem,
1059 3605 1158 3693 prius
1182 3625 1244 3673 nos
1268 3605 1325 3670 uel
1349 3625 1433 3693 pars
1467 3605 1625 3691 predicte
1649 3604 1799 3671 ecclesie
1832 3606 1947 3672 sancti
1980 3605 2130 3674 maximi

267 3767 437 3834 tollamus
461 3766 590 3832 exinde
613 3765 864 3838 medietatem,
890 3765 926 3829 et
949 3763 1024 3830 illis
1047 3761 1113 3828 sivi
1136 3764 1268 3828 abeant
1292 3760 1367 3828 alia
1391 3760 1600 3836 medietate;
1626 3763 1663 3826 et
1686 3760 1846 3848 quicquit
1869 3759 1996 3826 ividem
2019 3761 2124 3826 semi-

266 3919 461 3996 naverint,
487 3919 597 3985 deant
619 3918 702 3984 inde
726 3917 825 3983 nobis
850 3914 1061 3981 terraticum
1084 3913 1278 3980 secuudum
1302 3912 1593 3979 consuetudineru
1617 3913 1660 3979 de
1683 3913 1799 4000 ipsum
1825 3916 1969 3990 locum,
2003 3916 2040 3980 et
2062 3932 2126 4000 per

268 4079 425 4162 tempore
448 4073 492 4140 de
515 4091 599 4139 aree
623 4071 792 4138 similiter
815 4068 926 4136 saciat
949 4068 1022 4134 illis
1046 4086 1108 4172 uos
1130 4067 1236 4144 scire;
1264 4066 1309 4132 ud
1332 4065 1465 4134 ividem
1488 4065 1688 4150 dirigamus
1712 4065 1858 4134 missum
1882 4071 2066 4144 nostrum,
2092 4070 2129 4134 et

269 4247 332 4315 per
355 4230 515 4315 tempore
538 4227 582 4293 de
605 4243 689 4292 aree
712 4227 749 4290 et
771 4223 814 4290 de
830 4220 1008 4289 vindemie
1032 4219 1339 4305 nutriant.ipsum
1363 4218 1511 4286 missum
1527 4221 1700 4294 nostrum,
1719 4219 1802 4285 dum
1826 4239 1890 4306 pro
1914 4219 1993 4307 ipsa
2008 4219 2127 4288 frudia

268 4386 398 4454 ividem
421 4383 575 4459 steterit,
600 4401 664 4468 pro
689 4379 930 4465 recipiendum
957 4379 1034 4463 ipsa
1057 4376 1188 4453 frudia,
1213 4377 1407 4443 secuudum
1430 4375 1575 4442 illorum
1598 4373 1883 4462 possivilitatem:
1908 4379 1945 4440 et
1967 4375 2129 4461 palmeu-

266 4541 339 4608 tica
362 4537 463 4606 nobis
485 4537 595 4604 deant
618 4533 794 4622 quadtuor
818 4531 975 4617 gallinas
1010 4520 1119 4598 bonas
1143 4531 1178 4595 et
1203 4529 1356 4596 reditum
1380 4528 1419 4595 in
1442 4527 1521 4614 ipsa
1536 4529 1642 4594 rebus
1666 4526 1740 4593 illis
1764 4525 1968 4593 lamentet
1992 4525 2127 4592 omines

265 4696 311 4762 ad
337 4693 563 4762 residendum
586 4690 716 4757 ividem
740 4687 814 4754 illis
836 4677 993 4762 mittere,
1013 4683 1059 4751 ud
1082 4684 1160 4770 ipsa
1184 4686 1289 4751 rebus
1313 4702 1401 4750 cura
1424 4685 1461 4748 et
1484 4680 1734 4768 vigilationem
1758 4680 1831 4747 illis
1854 4681 1973 4754 abere,
1991 4680 2028 4743 et
2043 4696 2127 4746 casa

263 4869 332 4938 que
355 4849 406 4916 ivi
428 4847 529 4914 modo
552 4847 628 4922 est,
653 4863 717 4930 per
740 4841 855 4910 omnis
879 4859 1013 4908 annum
1036 4843 1129 4907 bona
1151 4827 1225 4904 illis
1248 4837 1415 4923 cooperta
1438 4837 1484 4903 ad
1507 4836 1701 4912 scandole,
1727 4837 1763 4900 et
1787 4834 1886 4900 illam
1910 4832 2054 4898 cludere
2078 4831 2124 4898 ad

267 5008 398 5083 tabole,
417 5007 457 5070 ut
480 5006 573 5070 bona
595 4999 730 5088 paread
755 4997 852 5065 omni
878 4998 1035 5082 tempore
1058 4997 1159 5061 clusa
1183 4995 1220 5058 et
1245 4994 1423 5078 cooperta,
1439 4995 1475 5056 ot
1498 4990 1578 5076 ipsa
1601 5008 1772 5075 organea,
1799 5006 1867 5075 que
1882 4987 2012 5054 ividem
2029 4991 2125 5060 sunt,

267 5177 330 5246 per
352 5157 469 5225 omnis
493 5174 628 5222 annum
651 5172 715 5239 per
739 5151 812 5219 illis
837 5154 926 5218 bone
949 5149 1038 5216 liant
1060 5145 1220 5214 couciate
1245 5149 1281 5210 et
1304 5143 1473 5220 studiate,
1499 5143 1593 5210 sicut
1615 5142 1816 5218 meruerit;
1842 5143 1878 5208 et
1902 5140 2030 5209 ividem
2056 5140 2129 5208 illis

267 5315 442 5403 reponant
465 5311 542 5397 ipsa
565 5309 720 5377 sortione
744 5309 867 5373 nostra
889 5305 932 5371 de
955 5303 1031 5390 ipso
1056 5302 1190 5376 viuum,
1217 5303 1253 5366 et
1275 5301 1413 5366 salbum
1439 5298 1522 5365 illut
1546 5297 1646 5364 uobis
1669 5297 1816 5372 saciant,
1836 5296 2044 5385 usquedum
2062 5315 2124 5361 nos

266 5469 350 5538 inde
374 5465 629 5536 adduxerimus
653 5464 785 5547 absque
809 5457 1087 5545 degeneratione
1110 5459 1147 5524 et
1162 5457 1285 5543 ingue.
1311 5455 1410 5522 Unde
1435 5455 1473 5522 iu
1496 5441 1537 5520 eo
1552 5451 1677 5520 ordine
1700 5450 1870 5536 guadiam
1894 5450 1993 5518 nobis
2009 5450 2121 5536 ipsum

265 5623 406 5690 cicerus
430 5641 494 5709 pro
518 5623 622 5706 parte
645 5637 710 5684 sua
734 5619 770 5683 et
793 5617 836 5682 de
860 5614 938 5700 ipsa
961 5631 1103 5698 gemma
1126 5613 1162 5676 et
1185 5609 1375 5685 maralda,
1403 5625 1474 5676 una
1497 5627 1578 5674 cum
1601 5605 1787 5674 muud'oalt
1809 5623 1924 5682 suum,
1950 5587 2125 5671 dederuut

264 5779 301 5843 et
323 5776 555 5844 mediatorem
579 5771 661 5839 inde
686 5769 793 5837 michi
819 5769 1014 5854 posuerunt
1036 5784 1073 5832 se
1098 5763 1184 5850 ipsis
1207 5782 1271 5849 per
1296 5764 1417 5848 partes
1442 5764 1646 5848 placentes3
1673 5763 1709 5828 et
1730 5779 1795 5847 per
1818 5760 1931 5848 ipsam
1954 5757 2121 5846 guadiam
