5398 7106
532 570 565 613 ,Ι
637 503 707 576 230
1282 507 1454 580 connx
1494 509 1750 583 cavensis

588 698 694 780 patus
717 696 838 765 domni
863 699 1058 786 guaimarii
1080 701 1158 769 eius
1180 703 1246 770 lilii
1269 703 1434 789 gloriosis
1458 704 1701 791 principibus,
1727 723 1847 771 mense
1871 705 2071 776 december,
2104 705 2210 770 sexta
2232 700 2439 768 indictione.

448 835 453 843 ’
589 848 877 918 blemoratorium
901 853 1035 920 sactum
1060 873 1083 921 a
1107 865 1163 923 m'e
1186 857 1310 943 petrus
1332 836 1428 924 iliius
1451 858 1627 945 quondam
1651 857 1819 944 pandoni,
1845 875 1887 925 eo
1910 835 2013 944 quod
2027 859 2112 925 ante
2135 856 2346 944 subscriptis
2369 855 2444 923 ido-

586 1001 663 1069 neis
686 1003 889 1072 hominibus
913 1025 978 1092 per
1001 1010 1094 1076 bona
1117 1010 1368 1077 convenientia
1389 1011 1523 1078 tradidi
1548 1010 1635 1088 ursi,
1653 1010 1801 1078 iohanni
1824 1013 1862 1077 et
1884 1011 1993 1098 petri,
2018 1011 2190 1098 qui-sunt
2213 1011 2346 1077 uterini
2364 1008 2439 1076 lra-

587 1159 663 1223 tres
686 1157 755 1224 bac
778 1157 845 1224 fflii
868 1177 1021 1244 gemme,
1035 1144 1241 1229 habitantes
1264 1160 1303 1228 in
1319 1161 1434 1228 locum
1459 1161 1601 1230 locubia
1624 1165 1730 1230 rebus
1754 1181 1834 1230 mea
1849 1162 1893 1230 de
1909 1163 1985 1249 ipso
2001 1163 2078 1229 loco
2095 1162 2249 1239 locuvia,
2268 1161 2339 1230 ista
2354 1181 2441 1248 pars

584 1308 658 1395 ipsa
681 1311 835 1388 locubia,
862 1312 955 1398 quod
978 1312 1053 1399 ipse
1075 1313 1218 1399 genitor
1241 1332 1339 1381 meus
1362 1332 1385 1381 a
1407 1314 1480 1382 iam
1503 1315 1687 1402 preteritis
1710 1316 1813 1383 annis
1835 1315 2039 1384 tradiderat
2061 1316 2106 1384 ad
2122 1317 2384 1404 pastenandum
2403 1321 2463 1408 et..

557 1435 562 1444 ¹
585 1462 821 1531 lavorandum
845 1463 973 1550 cuique
996 1463 1124 1542 nicole,
1150 1465 1212 1552 qui
1235 1465 1303 1532 luit
1325 1469 1466 1552 genitor
1489 1469 1649 1560 ipsorum¹
1662 1469 1810 1538 iohanni
1833 1475 1869 1540 et
1891 1473 1998 1558 petri,
2016 1474 2053 1538 et
2075 1470 2254 1558 petrinius
2276 1470 2346 1538 fuit
2360 1470 2439 1556 ipse

585 1614 703 1683 nicola
725 1616 878 1704 predicti
903 1617 990 1696 ursi,
1005 1621 1042 1685 et
1064 1623 1119 1686 est
1141 1619 1220 1705 ipsa
1243 1621 1357 1705 pecia,
1373 1623 1433 1690 ubi
1457 1623 1532 1710 ipse
1557 1625 1674 1691 nicola
1696 1626 1818 1693 debuit
1832 1628 1951 1694 iacere
1975 1628 2177 1712 arbustum,
2191 1645 2255 1712 per
2272 1626 2338 1692 bas
2352 1626 2442 1692 fines

526 1763 530 1770 ’
586 1773 623 1835 et
646 1789 846 1839 mensuras.
871 1790 894 1839 a
916 1791 1002 1858 pars
1026 1774 1175 1842 meridie
1197 1775 1268 1841 line
1292 1795 1381 1853 mee,
1408 1777 1502 1844 sicut
1525 1777 1632 1846 vinea
1655 1780 1854 1856 discernit,
1880 1779 1974 1868 quod
1997 1779 2098 1847 modo
2121 1734 2290 1846 similiter
2313 1797 2437 1846 eorum

585 1924 732 2002 tradidi,
756 1927 838 1992 sunt
846 2007 851 2014 „
862 1925 944 1993 inde
967 1927 1063 2013 passi
1087 1926 1218 2013 viginti
1241 1931 1389 2016 septem:
1415 1947 1536 2016 apars
1559 1931 1709 2000 orientis
1732 1933 1803 2002 llne
1827 1951 1920 2010 mea,
1935 1932 2029 1999 sicut
2050 1949 2133 2018 sepe
2157 1933 2341 2012 discernit,
2354 1933 2445 2002 inde

585 2079 676 2164 passi
700 2078 834 2166 viginti
858 2082 1080 2166 quattuor;a
1103 2065 1496 2169 parte'septemtrionis
1519 2084 1591 2152 fine
1615 2085 1675 2152 via
1698 2087 1842 2174 puplica
1865 2087 1947 2154 inde
1970 2089 2066 2172 passi
2089 2088 2389 2173 quattuordecim;
2417 2108 2442 2156 a

584 2243 689 2328 parte
714 2243 909 2311 occidentis
934 2245 1005 2311 fine
1030 2243 1142 2332 ipsius
1166 2245 1255 2321 ursi,
1273 2243 1366 2330 quod
1390 2247 1435 2311 ab
1458 2242 1573 2330 ipsum
1596 2245 1739 2330 genitor
1763 2263 1861 2310 meus
1884 2244 1918 2311 ei
1935 2245 2117 2311 insontem
2140 2244 2260 2311 evenit
2282 2245 2446 2330 perhor-

585 2391 668 2460 dine
694 2394 965 2479 pastenationis‚
990 2395 1083 2463 sicut
1107 2396 1253 2463 termini
1276 2396 1358 2462 inde
1380 2395 1454 2463 ficti
1477 2399 1574 2472 sunt,
1599 2398 1636 2461 et
1658 2395 1740 2462 inde
1763 2397 1847 2462 sunt
1868 2395 1964 2482 passi
1989 2395 2119 2480 viginti
2143 2395 2314 2483 quinque:
2332 2397 2369 2462 et
2392 2395 2444 2462 da.

584 2547 665 2614 inde
689 2551 896 2617 revolvente
918 2569 984 2637 per
1007 2551 1076 2617 tine
1101 2569 1181 2618 mea
1204 2550 1242 2617 in
1265 2569 1351 2637 pars
1374 2549 1523 2618 orientis
1546 2569 1690 2636 passum
1725 2569 1836 2616 unum
1861 2554 1897 2617 et
1927 2549 2127 2617 summisse.
2167 2548 2360 2616 etiterum
2385 2549 2443 2615 re'-

584 2701 749 2768 volvente
771 2720 836 2788 per
861 2703 940 2790 ipsa
962 2705 1033 2771 line
1056 2723 1137 2772 mea
1160 2703 1203 2770 de
1227 2704 1305 2790 ipsa
1328 2703 1461 2780 vinea,
1488 2704 1581 2792 quod
1600 2703 1755 2770 'inferius
1778 2722 1901 2771 eorum
1924 2703 2088 2779 tradidi,
2128 2705 2165 2769 et
2188 2703 2377 2789 coniungit
2399 2704 2442 2768 in

584 2851 663 2940 ipsa
687 2854 806 2942 priore
829 2857 923 2934 line,
949 2855 1032 2924 inde
1055 2857 1151 2943 passi
1173 2859 1322 2944 septem:
1348 2861 1461 2924 totum
1485 2861 1731 2924 mensuratum
1756 2856 1801 2924 ad
1825 2875 1969 2943 passum
1993 2858 2089 2945 quod
2112 2857 2295 2942 signatum
2318 2856 2435 2923 estin

584 3008 753 3074 columna
777 3028 978 3076 marmorea
1000 3009 1044 3076 de
1068 3011 1218 3077 ecclesie
1241 3009 1357 3077 sancti
1387 3011 1521 3078 mathei
1555 3011 1599 3078 de
1622 3009 1893 3096 archiepiscopii
1916 3011 2148 3077 salernitano.
2174 3009 2313 3096 etipsa
2336 3009 2446 3096 pecia

582 3161 626 3227 de
650 3163 749 3228 terra
771 3182 853 3230 cum
879 3163 995 3241 vinee,
1020 3163 1114 3252 quod
1137 3182 1260 3232 eorum
1285 3164 1435 3242 tradidi,
1461 3168 1516 3232 est
1538 3183 1603 3252 per
1626 3167 1691 3232 bec
1714 3166 1807 3232 linis.
1848 3165 2020 3251 desuper
2053 3165 2124 3232 line
2148 3163 2317 3232 iamdicte
2340 3165 2445 3251 pecie-

583 3333 663 3382 cum
689 3316 860 3384 arbustis:
886 3321 1035 3404 aparte
1057 3279 1362 3386 occidentisllnes
1385 3317 1497 3404 ipsius
1521 3319 1609 3395 ursi,
1635 3319 1728 3406 quod
1752 3337 1816 3406 per
1840 3319 1954 3406 ipsam
1978 3317 2262 3405 pastenationem
2288 3319 2441 3384 habeta

584 3471 689 3556 parte
713 3469 825 3556 ipsius
847 3470 1005 3556 pandoni
1030 3471 1187 3557 genitori
1211 3490 1302 3548 meo,
1328 3468 1420 3538 sicut
1442 3472 1676 3540 terminatum
1700 3475 1766 3540 est.
1792 3476 1822 3539 A
1844 3485 1949 3560 parte
1973 3472 2122 3540 meridie
2144 3473 2214 3538 fine
2238 3471 2298 3538 via
2321 3471 2445 3558 pupli*

584 3643 639 3693 ca:
666 3627 696 3692 Α
718 3628 823 3713 parte
846 3625 995 3694 orientis
1017 3627 1099 3706 flne,
1124 3626 1217 3694 sicut
1239 3627 1401 3694 decurrit
1423 3644 1518 3712 aqua
1540 3625 1584 3692 de
1609 3629 1687 3713 ipsa
1711 3626 1866 3704 incubis,
1884 3628 1922 3693 et
1944 3626 2089 3693 exiente
2112 3625 2155 3693 de
2179 3625 2258 3711 ipsa
2281 3625 2436 3702 locubia,

584 3780 621 3844 et
644 3779 859 3846 ascendente
883 3797 992 3866 usque
1015 3779 1051 3846 in
1076 3779 1154 3864 ipsa
1176 3779 1298 3865 priore
1311 3777 1393 3845 fine.
1420 3779 1532 3845 Ambo
1548 3778 1753 3863 supradicte
1777 3778 1877 3866 pecie
1897 3797 1961 3864 per
1977 3777 2167 3844 iamdictos
2177 3777 2266 3844 lines
2289 3779 2327 3843 et
2342 3795 2448 3844 men·

584 3948 688 3998 suras
710 3950 832 4000 eorum
857 3932 990 4001 tradidi
1013 3953 1104 4000 curnv
1119 3934 1196 3998 vice
1220 3932 1264 3999 de
1288 3931 1364 4018 ipse
1387 3931 1457 4010 bie,
1475 3933 1658 4019 sceptuavi
1682 3932 1726 3999 de
1749 3931 1828 4018 ipsa
1851 3931 1954 4018 pecia
1978 3930 2038 3998 ubi
2062 3933 2116 3997 est
2132 3929 2211 4017 ipsa
2233 3930 2342 3998 vinea
2364 3951 2438 3998 sor·

584 4085 680 4152 tione
704 4085 816 4171 ipsius
839 4085 915 4152 ursi
938 4085 1129 4152 filiastrum
1152 4084 1264 4170 ipsius
1287 4084 1400 4152 nicole
1422 4085 1466 4152 de
1489 4083 1710 4162 caumatum,
1736 4081 1828 4172 quod
1851 4084 2080 4151 coniunctum
2104 4086 2159 4182 est
2183 4102 2262 4150 cum
2287 4084 2365 4171 ipsa
2390 4085 2440 4152 lo-

584 4237 692 4306 cubia
715 4240 855 4304 etcum
880 4237 958 4325 ipsa
982 4238 1135 4326 viaque
1159 4255 1346 4309 commune
1369 4255 1508 4306 mecum
1532 4239 1655 4305 habet.
1682 4239 1771 4304 Nam
1794 4239 1856 4305 illo
1880 4237 1992 4315 aliud,
2017 4237 2111 4304 sicut
2134 4237 2269 4304 dictum
2294 4241 2361 4313 est,
2387 4237 2442 4304 in·

584 4391 710 4458 clitum
732 4391 827 4459 illud
851 4409 973 4459 eorum
998 4391 1145 4470 tradidi,
1170 4391 1248 4458 Tali
1270 4390 1434 4469 hordine,
1460 4393 1501 4460 ut
1523 4392 1649 4460 amodo
1672 4392 1709 4458 et
1731 4409 1873 4478 semper
1895 4392 1942 4460 ad
1966 4393 2140 4470 illorum,
2166 4395 2202 4459 et
2225 4393 2269 4460 de
2293 4393 2437 4460 illorum

583 4546 775 4614 heredibus
797 4546 871 4614 sint
892 4547 1106 4632 potestatem
1129 4547 1231 4614 natos
1255 4551 1441 4613 nascentes
1463 4545 1557 4613 illud
1581 4544 1786 4622 tenendum,
1810 4549 1847 4612 et
1870 4545 2127 4614 dominandum
2150 4565 2215 4632 per
2238 4547 2445 4633 subscripto

583 4699 734 4768 hordine
754 4703 824 4779 ,et
846 4702 946 4768 foveo
969 4703 1006 4769 et
1027 4719 1149 4769 omnes
1172 4718 1235 4768 sue
1259 4698 1429 4767 utilitatis
1452 4698 1584 4768 ibidem
1609 4699 1729 4766 facere
1753 4697 1849 4765 iusta
1873 4699 2039 4776 ratione,
2081 4703 2118 4766 et
2141 4701 2217 4768 tota
2240 4699 2317 4787 ipsa
2339 4701 2449 4786 pecia.

583 4871 648 4941 per
673 4855 862 4923 iamdictas
884 4855 985 4934 fines,
999 4853 1060 4922 ubi
1083 4855 1139 4922 est
1153 4853 1230 4941 ipsa
1245 4853 1364 4930 vinea,
1389 4851 1593 4920 annualiter
1616 4836 1699 4938 apto
1715 4853 1881 4938 tempore·
1897 4851 2107 4918 laborarent
2129 4855 2165 4920 et
2180 4852 2383 4920 studiarent
2397 4853 2447 4920 de-

583 5027 692 5096 super
716 5011 753 5076 et
774 5009 818 5076 de
841 5010 978 5085 subter,
1003 5009 1069 5076 hoc
1093 5011 1148 5076 est
1170 5007 1396 5085 scalciarcnt,
1423 5006 1687 5093 adimplerent,
1712 5006 2009 5092 propaginarent,
2041 5008 2229 5092 potarent,
2264 5005 2443 5092 ligarent,

584 5161 805 5248 impalarent
827 5163 864 5229 et
887 5164 1049 5239 ararent,
1073 5159 1167 5230 sicut
1188 5162 1287 5229 locus
1310 5161 1384 5248 ipse
1407 5159 1609 5236 meruerit,
1634 5159 1804 5246 quatinus
1826 5159 1989 5246 proficiat
2012 5163 2048 5228 et
2071 5177 2143 5228 non
2167 5159 2373 5248 dispereat,
2399 5165 2442 5228 et

585 5311 678 5380 bona
700 5314 828 5398 pareat
852 5315 1017 5381 lavorata
1039 5317 1077 5381 et
1100 5315 1261 5392 cultata,
1298 5317 1336 5381 et
1358 5316 1495 5382 clusam
1518 5313 1621 5382 illam
1644 5315 1847 5390 haberent,
1882 5313 1985 5381 etde
2009 5315 2166 5382 sortione
2190 5313 2337 5384 moade
2361 5316 2443 5403 ipso

586 5465 805 5542 cannietum‚
831 5465 924 5554 quod
948 5467 996 5535 ibi
1021 5467 1118 5536 infra
1141 5465 1217 5554 ipse
1240 5466 1322 5534 finis
1345 5469 1517 5535 habemus
1536 5518 1691 5535 .....
1716 5467 1918 5554 peremnis
1941 5487 2078 5550 annum
2102 5467 2142 5536 in
2166 5471 2244 5555 ipsa
2266 5469 2374 5537 vinea
2396 5473 2438 5536 et,

584 5619 745 5707 pastinu,
770 5617 863 5707 quod
886 5619 1017 5688 facturi
1041 5625 1126 5689 sunt
1148 5621 1187 5689 in
1210 5622 1289 5710 ipsa
1311 5622 1386 5690 alia
1407 5623 1527 5710 priore
1550 5621 1678 5709 pecie:
1712 5621 1898 5688 et'salices
1920 5621 2062 5689 illorum
2088 5583 2212 5690 demus
2236 5625 2371 5709 quante
2394 5623 2437 5690 il·

585 5775 702 5843 lorum
727 5771 849 5859 ibique
872 5773 1028 5840 sufficiat
1051 5774 1096 5841 ad
1119 5775 1195 5860 ipse
1220 5776 1323 5842 ambe
1345 5751 1445 5860 pecie
1468 5775 1505 5841 et
1528 5777 1758 5844 reserbarent
1780 5775 1847 5842 sibi
1870 5774 1940 5862 ipsi
1964 5775 2098 5843 uterini
2133 5776 2268 5844 fratres
2293 5775 2334 5843 in
2357 5775 2441 5864 ipsa
