5452 7108
1036 483 1492 560 olrhoua'rlcus
1595 483 1599 489 ’

1105 781 1424 868 MLXXVII

1121 1195 1181 1271 A.
1210 1191 1267 1269 D.
1297 1193 1424 1270 1047

382 1489 410 1581 †
434 1492 474 1558 ln
497 1489 641 1559 nomine
665 1491 799 1560 domini
819 1492 990 1561 'vicesimo
1013 1513 1106 1563 nono
1130 1514 1224 1564 anno
1248 1495 1473 1583 principatus
1504 1493 1624 1562 domni
1648 1492 1762 1561 nostri
1797 1493 1994 1578 guaimarii
2016 1493 2200 1580 gloriosus

339 1646 518 1733 princeps,
543 1648 579 1712 et
601 1665 694 1713 nono
717 1665 814 1714 anno
837 1646 988 1715 ducatus
1011 1647 1087 1714 eius
1110 1649 1244 1727 amalfi,
1259 1653 1296 1716 et
1318 1652 1444 1718 octabo
1468 1668 1562 1718 auno
1585 1649 1736 1718 ducatus
1759 1647 1838 1716 eius
1853 1649 2025 1735 sycionii,
2043 1654 2081 1718 et
2095 1655 2198 1720 sexto

339 1817 435 1865 anno
458 1799 684 1886 principatus
700 1803 737 1868 et
751 1802 911 1887 ipsorum
941 1801 1136 1870 ducatuum
1167 1802 1288 1870 domni
1318 1803 1438 1888 gisulfi
1469 1803 1595 1870 eximii
1624 1803 1799 1890 principis
1822 1807 1859 1870 et
1881 1804 1981 1872 ducis
2011 1804 2079 1874 fflii
2102 1804 2194 1882 eius,

340 1970 460 2058 mense
475 1953 620 2040 aprelis
638 1955 906 2041 quintadecima
929 1955 1137 2024 indictione.
1163 1957 1453 2024 Memoratorium
1476 1958 1610 2025 factum
1633 1977 1724 2025 ame
1747 1958 1897 2027 alferius
1917 1959 2204 2045 archipresbiter

339 2111 376 2174 et
398 2112 508 2177 abbas
531 2109 681 2177 ecclesie
703 2109 821 2177 sancti
843 2107 1006 2186 maximi,
1032 2111 1094 2195 qui
1106 2127 1185 2177 sum
1210 2131 1301 2179 unus
1325 2112 1369 2180 de
1392 2112 1542 2180 dominii
1554 2113 1714 2200 predicte
1735 2113 1885 2182 ecclesie
1901 2114 2019 2182 sancti
2034 2113 2202 2189 maximi,

338 2281 379 2329 eo
403 2264 495 2366 quod
518 2267 603 2332 ante
625 2265 821 2352 subscripti
842 2267 952 2332 testes
974 2265 1021 2332 ad
1045 2265 1239 2332 tenendum
1255 2268 1292 2333 et
1314 2267 1590 2350 gubernandum
1606 2269 1741 2336 tradidi
1758 2270 1805 2336 ad
1820 2271 1982 2336 stefanus
1997 2269 2203 2355 presbiter,

233 2420 236 2428 '
339 2419 400 2504 qui
423 2421 478 2486 est
500 2421 720 2498 monachuS,
745 2421 783 2518 et
804 2419 850 2486 ad
873 2421 1020 2506 petrus,
1046 2419 1108 2506 qui
1132 2423 1186 2486 est
1208 2420 1376 2488 similiter
1400 2423 1618 2498 monachus,
1652 2423 1841 2490 ecclesiam
1865 2424 2106 2510 pertinentem
2122 2443 2205 2510 pre·

339 2573 434 2641 dicte
457 2572 607 2641 ecclesie
630 2573 748 2641 sancti
770 2571 921 2640 maximi
944 2573 983 2640 in
1005 2574 1122 2641 locum
1147 2576 1292 2654 arcelle,
1308 2578 1520 2644 bocabulum
1543 2578 1660 2645 sancti
1680 2578 1825 2656 andree,
1844 2597 1912 2665 que
1928 2579 2134 2646 constructa
2149 2581 2204 2644 est

339 2725 418 2811 ipsa
441 2727 593 2794 ecclesia
615 2726 731 2795 sancti
754 2727 889 2795 andree
917 2727 957 2795 in
979 2728 1085 2794 rebus
1117 2729 1323 2814 pertinente
1346 2731 1506 2816 predicte
1529 2732 1678 2799 ecclesie
1709 2731 1825 2798 sancti
1849 2731 2000 2798 maximi
2024 2732 2062 2799 in
2088 2731 2203 2818 ipsum

340 2879 456 2948 locum
480 2882 626 2961 arcelle3
651 2900 714 2950 seu
738 2884 775 2949 et
796 2883 948 2950 tradidit
970 2882 1016 2950 ad
1039 2882 1095 2950 illi
1118 2883 1284 2950 inclitum
1307 2885 1529 2962 beneficium,
1545 2885 1637 2972 quod
1661 2889 1715 2952 est
1738 2885 1781 2951 de
1806 2885 1886 2971 ipsa
1908 2884 2063 2952 ecclesia
2087 2885 2205 2954 sancti

340 3034 485 3112 andree,
511 3055 580 3124 que
603 3039 658 3104 est
680 3039 782 3104 terra
804 3057 885 3105 oum
908 3036 1014 3106 hinea
1036 3040 1073 3105 et
1095 3037 1294 3114 salicetum,
1320 3037 1386 3104 tali
1410 3037 1559 3106 hordine
1582 3037 1668 3104 illut
1691 3056 1814 3105 corum
1838 3038 1985 3116 tradidi,
2005 3039 2052 3106 ud
2078 3039 2206 3106 amodo

340 3191 377 3254 et
398 3187 523 3256 diebus
546 3189 619 3256 vite
642 3205 719 3256 mee
742 3189 913 3276 predictis
936 3188 1069 3257 stefani
1092 3189 1286 3276 presbiteri
1309 3192 1346 3257 et
1369 3191 1463 3277 petri
1486 3191 1670 3261 monachis
1695 3195 1772 3260 tota
1794 3192 1874 3279 ipsa
1894 3193 2109 3262 tradictione
2125 3193 2207 3260 illo-

341 3364 421 3411 rum
443 3345 517 3412 sint
539 3344 726 3432 potestatis
749 3345 839 3412 illud
862 3344 1073 3422 tenendum,
1098 3345 1136 3410 et
1158 3343 1433 3421 dominandum,
1459 3301 1498 3410 et
1517 3342 1617 3410 fovee
1648 3345 1685 3408 et
1722 3343 1838 3410 omnis
1861 3305 2009 3410 illorum
2034 3342 2207 3412 utilitatis

340 3497 471 3567 ividem
495 3498 615 3566 facere
637 3498 734 3566 iusta
756 3497 909 3576 ratione,
935 3500 971 3564 et
993 3497 1072 3585 ipsa
1095 3497 1248 3566 ecclesia
1271 3499 1429 3566 officiare
1452 3502 1490 3566 et
1510 3497 1669 3566 officiare
1686 3493 1823 3566 iaciant
1838 3498 1895 3565 die
1911 3500 2101 3586 noctuque,
2119 3517 2208 3585 qua-

341 3655 427 3723 liter
442 3657 535 3725 alter
558 3657 725 3725 sacerdos
747 3659 886 3725 billano
910 3653 1098 3724 ecclesiam
1121 3655 1297 3724 hillanam
1320 3654 1570 3732 officiaberint,
1589 3655 1625 3720 et
1640 3653 1756 3740 ipsum
1780 3653 1990 3721 beneficium
2013 3673 2077 3741 per
2103 3674 2206 3722 omne

340 3829 476 3878 annum
499 3813 582 3898 apto
605 3813 764 3898 tempore
789 3815 918 3880 bonum
943 3814 1129 3888 lavorare,
1164 3811 1205 3876 ut
1227 3827 1367 3896 semper
1389 3809 1429 3875 in
1452 3807 1581 3876 melius
1612 3805 1803 3894 proficiant
1825 3810 1862 3874 et
1885 3827 1956 3876 uon
1979 3807 2203 3895 dispereant,

341 3963 479 4050 etipsa
501 3965 675 4042 ccclesia,
712 3965 772 4033 ubi
796 3965 990 4042 meruerit,
1026 3963 1191 4032 conciare
1214 3965 1252 4029 et
1274 3961 1457 4049 cooperire
1487 3961 1533 4028 ad
1556 3961 1736 4038 scandolo,
1763 3963 1803 4028 ut
1825 3979 1966 4047 semper
1988 3960 2084 4028 siant
2108 3964 2207 4029 bona

341 4119 521 4204 cooperta,
546 4121 583 4184 et
605 4117 794 4204 porticum,
820 4115 912 4203 quod
935 4115 1031 4182 iusta
1052 4114 1131 4201 ipsa
1153 4115 1306 4182 ecclesia
1329 4119 1400 4193 est,
1425 4115 1514 4183 illud
1538 4115 1703 4183 conciare
1727 4117 1764 4180 et
1786 4113 1993 4200 cooperire,
2018 4117 2055 4182 et
2078 4115 2206 4183 amodo

339 4275 376 4337 et
399 4289 510 4359 usque
533 4289 644 4338 unum
667 4290 803 4338 annum
826 4271 939 4346 cella,
965 4287 1034 4358 que
1057 4269 1107 4337 ivi
1131 4267 1311 4336 fravicata
1342 4271 1396 4336 est
1418 4269 1515 4335 iusta
1545 4269 1624 4354 ipsa
1647 4266 1820 4344 ecclesia,
1854 4267 1954 4336 illam
1978 4268 2148 4336 conciare
2171 4271 2208 4334 et

339 4425 542 4512 cooperire,
567 4427 604 4490 et
626 4423 704 4510 ipsa
726 4421 841 4498 cella,
866 4424 903 4488 et
924 4421 1001 4508 ipso
1025 4420 1202 4509 porticum
1225 4438 1367 4508 semper
1390 4421 1554 4488 conciata
1578 4423 1686 4489 abere
1710 4424 1747 4488 et
1772 4424 1958 4508 cooperta,
1984 4425 2021 4488 et
2043 4421 2207 4510 quicquit

339 4577 492 4646 osertum
516 4577 626 4646 luerit
648 4577 687 4645 in
709 4577 788 4664 ipsa
810 4563 973 4654 ecclesia,
999 4577 1112 4644 totum
1135 4576 1181 4644 ad
1204 4593 1284 4644 mea
1307 4579 1485 4664 potestate
1509 4575 1599 4644 illud
1622 4576 1813 4654 adducere,
1831 4594 1893 4643 seu
1909 4596 1932 4643 a
1946 4579 2050 4664 parte
2066 4575 2109 4643 de
2125 4593 2207 4663 prc-

339 4733 436 4800 dicta
457 4731 610 4799 ecclesia
632 4733 749 4798 sancti
771 4729 935 4806 maximi3
960 4731 1114 4808 tantum,
1139 4730 1170 4798 si
1194 4729 1233 4798 in
1255 4731 1335 4818 ipsa
1357 4731 1510 4798 ecclesia
1533 4729 1608 4796 tale
1631 4748 1740 4797 causa
1763 4731 1906 4797 hoserta
1928 4729 2050 4806 suerit,
2080 4728 2128 4796 ud
2151 4749 2207 4796 or-

340 4887 548 4952 namentum
571 4883 683 4952 fuerit
705 4883 749 4950 de
773 4882 852 4969 ipsa
874 4883 1038 4962 ecclesia,
1056 4884 1134 4952 siad
1157 4884 1200 4951 de
1224 4884 1303 4972 ipsa
1325 4886 1494 4964 ecclesia;
1520 4887 1641 4954 tamen
1665 4885 1756 4953 illud
1780 4887 1929 4952 teneant
1951 4885 2020 4971 ipsi
2043 4885 2207 4953 stefanus

340 5043 377 5108 et
399 5044 522 5127 petrus
545 5040 590 5108 ad
614 5040 811 5126 regendum
834 5041 913 5126 ipsa
935 5038 1108 5116 ecclesia,
1142 5041 1179 5105 et
1200 5038 1365 5127 quicquit
1393 5043 1520 5108 offerta
1550 5041 1589 5108 in
1619 5040 1698 5127 ipsa
1733 5039 1884 5107 ecclesia
1907 5041 1965 5106 vel
1988 5039 2205 5108 botationem

341 5213 416 5273 seu,
441 5195 472 5263 si
495 5198 602 5262 centa
624 5194 761 5262 suerint
783 5213 933 5271 mecum,
959 5193 1015 5260 vel
1037 5211 1117 5260 cum
1141 5211 1226 5282 pars
1248 5195 1408 5280 predicte
1431 5196 1581 5264 ecclesie
1603 5195 1720 5264 sancti
1736 5195 1903 5271 maximi,
1921 5193 2014 5263 illud
2030 5194 2198 5263 dividant

342 5369 407 5436 per
418 5349 732 5434 medictatemego
744 5349 802 5415 vel
814 5347 960 5415 missum
972 5365 1102 5426 meum,
1114 5350 1171 5416 vel
1180 5367 1260 5437 pars
1272 5349 1432 5436 predicte
1441 5347 1590 5416 ecclesie
1606 5347 1724 5416 sancti
1738 5347 1875 5414 maxmi
1884 5347 1984 5434 prius
1996 5347 2080 5414 inde
2092 5347 2205 5414 tollad

342 5504 581 5581 medietatem,
595 5505 630 5570 et
645 5502 873 5570 medietatem
885 5501 968 5572 inde
980 5503 1053 5572 illis
1075 5503 1143 5572 sivi
1166 5505 1310 5583 abeant
1328 5521 1390 5571 seu
1406 5505 1443 5569 et
1465 5501 1616 5570 tradidit
1639 5500 1750 5588 ipsius
1761 5501 1894 5570 stefani
1906 5503 1943 5568 et
1954 5503 2078 5588 petrus
2089 5519 2204 5570 causa

342 5655 487 5724 mobilia
508 5655 653 5746 deipsa
675 5655 828 5724 ecclesia
850 5655 889 5722 in
910 5654 1036 5740 primis
1050 5655 1143 5722 liver
1165 5673 1352 5728 commune
1373 5655 1417 5725 de
1431 5654 1621 5725 circoitum
1645 5675 1780 5726 annum
1805 5655 2088 5742 unum,planeta
2112 5674 2201 5733 una,

342 5809 465 5879 horale
487 5813 525 5878 et
547 5809 730 5888 amictum,
755 5812 792 5876 et
816 5807 947 5876 trillice
971 5827 1092 5887 unam,
1116 5807 1300 5878 tiribolum
1317 5827 1439 5888 unum,
1456 5810 1604 5880 sindone
1627 5810 1708 5888 due,
1726 5810 1843 5878 altare
1866 5809 2063 5879 audantele
2079 5827 2204 5886 unum,

485 5993 556 6051 ΤοΙ.
575 6006 624 6050 vn.
2115 5992 2132 6048 5
