5398 7106
959 513 1380 590 ulrlounllcus
1948 513 1953 526 '
2016 521 2083 594 sol

265 725 324 776 eos
346 663 557 784 tenendum,
582 713 619 775 et
641 707 896 778 dominandum
914 712 986 787 ,ct
1008 712 1134 781 lobee.
1161 713 1197 778 et
1219 710 1334 778 omnis
1356 729 1420 780 sue
1445 711 1601 781 ulilitate
1623 712 1720 780 iusta
1746 715 1891 782 ratione
1914 713 2046 783 ibidem
2071 715 2122 814 ia·

263 859 372 938 ciant,
397 861 435 928 et
455 845 688 948 pastenarent
711 862 796 930 illut
818 861 949 932 ibidem
972 863 1010 930 in
1033 867 1114 931 ortu
1138 863 1217 950 ipsa
1241 867 1346 932 rebus
1369 867 1515 934 arbores
1538 869 1575 934 et
1597 865 1687 934 vites
1707 815 1755 934 de
1796 867 1890 935 bono
1915 867 2061 946 bitine03
2078 868 2130 936 sic

265 1013 400 1102 itaque,
426 1017 466 1082 ut
487 1005 652 1103 completi
675 1015 811 1095 amodo,
829 1018 866 1108 et
889 1034 1000 1104 usque
1022 1015 1207 1084 duodecim
1231 1015 1317 1086 anni
1340 1017 1473 1085 abeant
1496 1017 1583 1085 illut
1605 1021 1642 1085 et
1664 1017 1739 1086 suis
1777 1017 1971 1088 heredibus
1994 1019 2033 1088 in
2055 1023 2131 1091 tota

221 1144 225 1150 ¹
264 1168 345 1254 ipsa
369 1170 475 1238 rebus
498 1171 696 1257 perfectum
719 1171 906 1240 arbustum
930 1169 1096 1248 bitatum‚
1120 1175 1260 1239 eurtum
1279 1174 1497 1258 ‚operatum
1522 1175 1558 1239 et
1581 1173 1786 1252 collatum,
1815 1175 1914 1243 sicut
1936 1175 1980 1242 de
2002 1179 2122 1245 tantos
2237 1251 2239 1258 ,

262 1340 376 1390 annos
399 1323 497 1390 locus
520 1322 596 1409 ipse
618 1323 819 1434 meruerit,
858 1324 895 1390 et
917 1323 956 1390 in
979 1293 1088 1392 antea
1110 1327 1154 1392 et
1168 1323 1266 1392 omni
1290 1325 1476 1412 tempore,
1501 1325 1560 1394 ubi
1583 1327 1768 1406 meruerit,
1796 1330 1945 1397 arbores
1967 1332 2004 1397 et
2027 1331 2123 1398 bites

264 1468 348 1542 illut
370 1493 430 1544 eos
452 1477 687 1562 pastenaret‚
712 1478 750 1545 et
772 1477 942 1556 cultarel,
967 1479 1003 1546 et
1026 1478 1309 1565 propaginaret‚
1350 1483 1387 1546 et
1410 1482 1581 1558 cultaret,
1606 1483 1643 1548 et
1666 1482 1866 1560 studiare,
1907 1485 1948 1550 ut
1983 1483 2021 1551 in
2056 1501 2128 1552 me

262 1631 333 1700 lius
355 1631 543 1718 proficiant
566 1635 603 1698 et
640 1649 710 1698 non
744 1629 969 1718 dispereant.
996 1633 1047 1726 et
1081 1595 1206 1720 amodo
1244 1635 1281 1699 et
1320 1649 1430 1722 usque
1468 1637 1546 1702 octo
1584 1635 1699 1703 hanni
1737 1637 1905 1723 completi
1945 1639 2123 1724 quantum

263 1785 384 1854 binum
407 1785 538 1853 ibidem
562 1785 716 1853 fecerint
740 1787 795 1853 vel
821 1783 984 1872 quicquit
1006 1787 1129 1872 fruges
1168 1785 1249 1854 inde
1287 1785 1439 1864 tollere,
1477 1788 1534 1854 vel
1569 1791 1678 1856 abere
1701 1789 1910 1875 potuerint,
1935 1793 2049 1858 totum
2072 1791 2123 1858 il·

262 1941 377 2007 lorum
411 1956 474 2006 sue
512 1937 586 2006 sint
622 1939 833 2024 potestatem
870 1985 879 2015 ,
919 1939 1019 2024 septo
1057 1938 1101 2005 de
1139 1957 1208 2025 quo
1248 1937 1372 2022 amodo
1411 1941 1448 2006 et
1485 1957 1625 2026 semper
1674 1939 1805 2010 ibidem
1848 1941 2148 2045 seminaberinh

261 2095 370 2164 deant
407 2093 490 2161 illut
526 2092 565 2160 in
603 2093 767 2179 partibus
805 2091 918 2179 ipsius
957 2093 1106 2162 ecclesie
1143 2094 1268 2160 sancte
1307 2091 1401 2160 lucie
1442 2089 1652 2161 terraticum
1690 2094 1886 2162 secundum
1936 2099 2127 2164 consuetu-

258 2248 339 2316 dine
362 2248 406 2316 de
429 2245 546 2333 ipsum
570 2247 700 2314 locum.
726 2248 763 2313 et
786 2246 832 2314 da
855 2246 925 2334 ipsi
948 2247 1026 2314 octo
1049 2245 1137 2315 anni
1162 2247 1198 2315 in
1230 2247 1339 2315 antea
1373 2245 1472 2314 omni
1495 2248 1652 2334 tempore
1675 2247 1799 2316 demus
1835 2247 1987 2316 illorum
2010 2269 2116 2337 orga-

259 2420 364 2470 neum
388 2391 518 2469 bonu'm
541 2401 588 2468 da
612 2400 761 2476 binum,
795 2403 831 2466 el
856 2400 942 2484 illut
966 2401 1025 2468 vel
1050 2400 1125 2468 suis
1150 2399 1344 2468 heredibus
1359 2399 1576 2477 annualiter
1600 2401 1765 2468 conciare
1788 2403 1825 2468 et
1851 2401 2021 2470 studiare
2044 2402 2121 2490 ipso

262 2573 470 2640 organeum,
495 2554 589 2622 sicut
612 2553 798 2622 meruerit.
827 2556 864 2620 et
894 2572 959 2640 por
979 2557 1143 2640 tempore
1167 2554 1210 2621 de
1235 2553 1414 2622 vindemie
1438 2554 1575 2622 iaciant
1599 2555 1705 2634 illut,
1743 2557 1800 2622 vel
1826 2556 1902 2623 suis
1926 2535 2118 2624 heredibus
2144 2597 2148 2605 -

258 2707 359 2775 nobis
380 2725 480 2774 seum
504 2701 540 2772 in
566 2704 732 2792 partibus
756 2704 868 2792 ipsius
892 2706 1069 2781 ecclesie,
1108 2707 1149 2772 ut
1172 2723 1366 2792 pergamus
1389 2711 1453 2774 aut
1477 2708 1678 2794 dirigamus
1715 2705 1843 2777 ibidem
1868 2709 2014 2777 missum
2050 2729 2114 2778 no-

260 2863 372 2928 strum
396 2878 461 2946 pro
486 2858 711 2945 bigilandum
734 2861 771 2926 et
796 2859 1041 2944 recipiendum
1065 2859 1144 2945 ipsa
1168 2863 1295 2927 nostra
1318 2835 1474 2930 sortione
1509 2862 1552 2928 de
1577 2863 1652 2950 ipso
1677 2862 1828 2940 binum,
1866 2866 1903 2930 et
1938 2863 2020 2930 illut
2064 2863 2120 2931 vel

265 3008 339 3079 s'uis
358 3012 547 3081 heredibus
571 3015 654 3080 abto
680 3014 839 3099 tempore
863 3008 948 3082 illut
972 3013 1196 3081 vindemiare
1219 3017 1256 3082 et
1280 3015 1325 3083 ad
1348 3019 1572 3103 palmentum
1596 3019 1672 3103 ipso
1696 3017 1823 3084 vinum
1847 3037 2053 3103 procurare,
2071 3021 2108 3085 et

265 3166 316 3234 sic
341 3169 416 3254 ipso
440 3169 561 3235 binum
585 3167 632 3235 ad
655 3169 878 3254 palmentum
902 3185 967 3255 per
991 3135 1218 3236 medietatem
1242 3169 1339 3237 inter
1363 3188 1427 3238 nos
1451 3170 1679 3246 dibidamus;
1721 3189 1805 3256 pars
1828 3169 1940 3256 ipsius
1964 3174 2119 3240 ecclesie

260 3323 429 3392 tollamus
451 3321 582 3390 exinde
605 3321 864 3398 medietatem,
891 3324 928 3390 et
951 3323 1028 3410 ipse
1050 3341 1210 3390 secamus
1233 3324 1291 3390 vel
1314 3325 1389 3392 suis
1412 3325 1602 3393 heredibus
1626 3324 1701 3393 alia
1726 3323 1918 3392 medietate
1939 3373 1947 3402 ,
1972 3328 2009 3394 et
2033 3326 2115 3413 ipsa

270 3476 421 3544 ecclesia
442 3475 697 3552 medietatem,
727 3475 869 3563 etipse
892 3492 1052 3543 sesamus
1075 3476 1133 3542 vel
1157 3475 1231 3545 suis
1255 3476 1448 3545 heredibus
1472 3477 1628 3546 adducat
1661 3477 1738 3564 ipso
1764 3477 1886 3546 binum
1914 3497 2027 3567 usque
2053 3479 2114 3547 ubi

272 3629 464 3700 abilaberit
485 3631 561 3718 ipse
584 3633 702 3698 rector
719 3629 772 3696 'de
796 3630 874 3716 ipsa
897 3630 1050 3698 ecclesia
1072 3631 1273 3717 propinquo
1296 3631 1344 3698 ad
1368 3631 1446 3717 ipsa
1469 3631 1634 3709 ecclesia,
1660 3635 1698 3699 et
1722 3633 1870 3700 mittant
1892 3633 1935 3700 de
1958 3634 2035 3718 ipso
2066 3634 2119 3701 bi·

269 3791 355 3854 num
378 3785 417 3852 in
437 3802 661 3870 organeum,
687 3783 781 3870 quod
804 3801 869 3870 per
892 3784 999 3850 illum
1022 3785 1077 3850 est
1100 3784 1329 3883 comiatum,
1356 3787 1393 3850 et
1415 3783 1614 3852 studiatum
1637 3803 1703 3872 per
1726 3801 1864 3852 annum
1888 3759 1932 3852 dc
1955 3784 2034 3872 ipsa
2058 3804 2115 3853 ec·

273 3941 382 4010 alesia
403 3944 603 4031 propinquo
627 3943 673 4010 ad
694 3942 773 4029 ipsa
797 3943 962 4021 ecclesia,
988 3943 1025 4009 et
1048 3942 1170 4008 mittat
1192 3939 1268 4026 ipso
1292 3941 1414 4008 binum
1439 3938 1477 4006 in
1499 3909 1697 4024 organeum
1722 3941 1815 4025 quot
1837 3957 1902 4028 per
1928 3938 2032 4006 illum
2059 3942 2115 4007 est

264 4095 465 4164 conciatum
487 4099 525 4164 et
538 4096 735 4165 studiatum
748 4115 823 4184 per
841 4115 989 4163 annum.
1015 4095 1162 4162 missum
1178 4093 1222 4162 de
1238 4092 1316 4180 ipsa
1333 4093 1485 4162 ecclesia
1508 4092 1569 4181 qui
1586 4092 1719 4161 ibidem
1735 4094 1888 4171 steterit,
1906 4095 1992 4162 illut
2006 4097 2114 4163 nobis

262 4252 402 4319 nutrire
424 4253 619 4319 secundum
642 4271 744 4320 suam
769 4251 1065 4340 possivilitatem,
1090 4252 1127 4316 et
1150 4249 1259 4316 deant
1282 4247 1368 4314 illut
1391 4245 1427 4314 in
1451 4247 1615 4333 partibus
1638 4247 1750 4334 ipsius
1776 4248 1926 4316 ecclesie
1949 4250 2115 4336 palmen-

211 4441 223 4460 ·
261 4405 409 4472 taticum
432 4407 528 4473 iusta
551 4406 740 4482 rationem3
754 4410 802 4474 et
825 4405 857 4473 si
881 4407 928 4473 da
952 4405 1022 4492 ipsi
1046 4405 1231 4474 duodecim
1255 4403 1342 4472 anni
1367 4403 1406 4471 in
1427 4405 1537 4471 antea
1561 4403 1832 4491 qualecumque
1858 4407 2017 4488 tempore
2035 4403 2114 4489 ipsa
2222 4385 2224 4390 ¹

261 4561 366 4626 rebus
388 4560 511 4626 tenere
534 4563 571 4626 et
595 4562 762 4628 lavorare
787 4559 969 4626 noluerint
992 4563 1152 4627 autnon
1175 4557 1383 4647 potuerint,
1419 4561 1456 4624 et
1478 4557 1553 4626 illis
1577 4557 1700 4626 diebus
1725 4575 1838 4624 causa
1874 4575 1945 4624 sua
1968 4555 2113 4623 mobilia

260 4713 391 4782 ibidem
415 4710 610 4807 abuerint,
635 4713 751 4781 licead
775 4713 859 4780 illut
881 4712 964 4780 inde
989 4711 1143 4787 tollere,
1168 4715 1206 4779 et
1228 4713 1391 4798 porta-ret
1414 4711 1473 4779 ubi
1497 4709 1703 4787 boluerint,
1744 4713 1781 4776 et
1805 4711 1882 4777 tota
1905 4707 1984 4794 ipsa
2008 4709 2112 4776 rebus

261 4868 450 4951 pastenata
473 4868 510 4932 et
532 4865 672 4932 cultata
695 4865 885 4933 remittant
908 4866 953 4932 ad
977 4867 1154 4952 potestate
1177 4865 1221 4932 de
1244 4865 1324 4952 ipsa
1347 4864 1513 4932 ecclesia.
1554 4862 1653 4962 Unde
1677 4880 1742 4948 pro
1768 4861 1903 4930 taliter
1937 4879 2001 4947 per
2025 4863 2117 4928 hona

260 5020 519 5088 combenientia
542 5015 677 5107 guadia
701 5021 811 5089 michi
835 5021 910 5108 ipse
926 5037 1085 5088 sesamus
1109 5019 1208 5088 dedit
1230 5021 1268 5086 et
1281 5018 1515 5086 fideiuxorem
1540 5016 1652 5085 michi
1670 5017 1792 5103 posuit
1812 4997 1997 5104 iaquintus
2018 5013 2112 5082 lilius

259 5175 432 5262 quondam
455 5173 624 5245 iohannis
646 5176 774 5242 irancu
798 5174 842 5240 de
866 5178 981 5261 ipsum
1005 5174 1123 5240 locum
1147 5173 1366 5248 balnearia3
1393 5173 1431 5238 et
1454 5189 1519 5258 per
1543 5171 1623 5256 ipsa
1648 5168 1790 5255 guadia
1812 5169 1988 5274 obligavit
2017 5187 2055 5235 se
2078 5171 2115 5235 et

261 5331 335 5398 suis
358 5331 535 5408 aradibus,
561 5333 601 5398 ut
623 5333 652 5398 si
678 5331 804 5399 taliter
826 5329 946 5397 omnia
968 5329 1216 5416 suprascripta
1240 5328 1424 5418 noluerint
1447 5326 1646 5414 adimplere
1671 5324 1709 5392 in
1734 5325 1900 5412 partibus
1927 5325 2038 5413 ipsius
2054 5343 2108 5390 ec·

255 5486 362 5554 clesie
380 5500 478 5573 ,per
501 5485 579 5572 ipsa
601 5461 737 5572 guadia
758 5484 935 5571 obligavit
957 5502 995 5552 se
1018 5486 1054 5550 et
1077 5481 1150 5550 suis
1175 5481 1340 5548 eredibus
1364 5480 1410 5547 ad
1449 5479 1730 5565 componendum
1766 5479 1899 5555 michi,
1940 5481 1997 5545 vel
2021 5478 2109 5546 meis

255 5601 585 5727 subcessores'pars
608 5638 776 5708 iamdicto
799 5639 949 5707 ecclesie
972 5637 1105 5724 biginti
1128 5635 1209 5704 auri
1232 5633 1362 5702 solidos
1391 5632 1623 5709 constantini,
1651 5635 1690 5699 et
1715 5633 1843 5700 omnia
1864 5587 2109 5720 suprascripta

256 5791 621 5880 illut-adimplerem
643 5791 872 5882 penitusue
895 5789 975 5880 ipsa
996 5789 1174 5865 ecclesia,
1211 5789 1248 5856 et
1270 5805 1410 5876 semper
1448 5805 1510 5856 nos
1534 5785 1631 5853 illius
1654 5783 1884 5852 defensemus
1918 5785 1964 5852 da
1994 5784 2109 5852 omnis
