5452 7108
1008 487 1423 563 ithLOMATiCUS

1133 794 1367 876 MLVIII

1099 1103 1156 1178 A.
1184 1102 1240 1178 D.
1270 1103 1391 1178 1046

410 1395 517 1461 Alieni
532 1399 723 1484 exemptor
734 1403 906 1485 praedicti
923 1405 1179 1470 Instrrnneuti.

1150 1907 1338 2000 Marx

1095 2234 1153 2308 A.
1181 2233 1238 2308 D.
1268 2235 1390 2310 1046

357 2521 383 2609 †
408 2525 445 2588 In
469 2525 608 2591 nomine
632 2526 764 2594 domini
789 2529 960 2614 vigesimo
985 2535 1133 2600 hoctabo
1158 2554 1251 2601 anno
1274 2536 1495 2622 principatus
1518 2538 1652 2604 salerni
1675 2538 1808 2605 domni
1834 2541 1946 2608 nostri
1969 2543 2170 2627 guaimari,

312 2682 347 2739 et
369 2678 519 2744 hoctabo
542 2698 635 2745 anno
659 2682 880 2768 principatus
905 2683 981 2752 eius
1004 2705 1128 2772 capue,
1154 2690 1191 2753 et
1213 2689 1479 2775 septimoanno
1503 2691 1777 2770 ducatusillius
1801 2694 1921 2760 amalfi
1944 2697 1980 2761 et
2002 2697 2169 2774 sinenti,

310 2834 347 2894 et
362 2834 490 2917 quarto
503 2851 595 2898 anno
607 2837 928 2922 suprascriptorum
941 2838 1206 2924 principatuum
1220 2845 1256 2908 et
1268 2843 1417 2910 ducatus
1429 2845 1549 2912 domni
1564 2846 1684 2931 gisulfi
1696 2847 1772 2916 eius
1784 2848 1849 2914 filii
1859 2833 1982 2916 eximii
1995 2852 2170 2938 principis

309 2987 345 3049 et
368 2983 479 3062 duciS,
505 2987 541 3050 et
564 2986 669 3053 tertio
693 3007 786 3055 anno
810 2989 959 3058 ducatus
975 2991 1119 3059 illorum
1136 2994 1256 3080 apulie
1273 2998 1335 3062 het
1350 2999 1526 3076 kalabria,
1545 3019 1665 3067 mense
1681 3002 1880 3079 ianuarius
1900 3003 2170 3090 quartadecima

308 3135 513 3204 indictione.
540 3142 827 3211 Memoratorium
851 3145 983 3212 sactum
1007 3167 1030 3212 a
1052 3166 1108 3213 me
1132 3148 1279 3216 domnus
1295 3151 1467 3219 iohannes
1482 3153 1603 3238 gratia
1618 3154 1675 3220 dei
1691 3157 1800 3221 abbas
1816 3158 2021 3224 monasterii
2045 3163 2168 3226 sancte
2224 3203 2225 3206 =

307 3291 401 3368 sotio,
427 3293 518 3378 quod
542 3313 565 3359 a
587 3297 677 3362 nobo
700 3296 906 3364 fundamine
930 3300 1132 3368 construxit
1157 3301 1334 3388 quondam
1353 3267 1555 3388 *guaiferius
1579 3325 1695 3373 comes
1718 3307 1756 3374 in
1780 3310 1885 3376 rebus
1908 3309 2005 3387 intus
2021 3311 2168 3379 cibitate

306 3445 460 3523 salerno,
487 3465 527 3511 eo
551 3447 643 3532 qnod
666 3449 750 3514 ante
772 3450 962 3538 subscripti
986 3454 1093 3518 testes
1115 3471 1179 3538 per
1203 3455 1462 3522 combenientia
1485 3476 1548 3542 pro
1574 3457 1646 3524 bies
1670 3457 1786 3544 ipsius
1796 3461 2004 3528 monasterii
2028 3465 2065 3528 et
2087 3481 2168 3548 pro-

308 3600 383 3666 bicc
408 3599 534 3666 domne
557 3619 695 3686 gemme
719 3623 787 3691 qne
811 3605 879 3671 suit
902 3625 1013 3672 unere
1035 3607 1232 3692 supradicti
1266 3609 1462 3694 guaiferii,
1489 3612 1638 3678 tradidit
1673 3612 1840 3679 dominici
1874 3615 1948 3681 nno
1985 3618 2163 3702 quondam

306 3756 399 3843 petri
422 3754 465 3822 de
488 3756 604 3821 locum
627 3758 882 3824 barbacianum
907 3779 977 3826 nna
1000 3759 1098 3845 pecie
1122 3761 1165 3827 de
1188 3763 1288 3828 terra
1310 3765 1547 3850 pertinentem
1570 3766 1681 3852 ipsius
1705 3768 1914 3834 monasterii
1938 3772 1974 3834 et
1997 3769 2165 3839 iamdicto

305 3929 455 3997 gemme,
481 3911 573 3997 quod
596 3913 679 3980 abet
700 3913 796 3982 intra
817 3914 903 3980 fines
926 3913 969 3980 de
994 3915 1149 3992 nuceria
1169 3916 1229 3984 ubi
1253 3920 1291 3983 at
1314 3921 1414 4004 pecte
1437 3919 1580 3997 dicitur,
1608 3939 1675 4008 que
1691 3923 1745 3987 est
1760 3941 1824 4008 par
1839 3941 1879 3988 ec
1895 3924 1974 3990 finis
1998 3927 2035 3991 et
2051 3945 2154 3992 men-

304 4085 410 4134 sure:
435 4085 458 4132 a
479 4068 735 4136 subtemtrione
756 4069 826 4168 fine
849 4070 908 4137 bia
930 4069 1108 4147 stabiano,
1133 4071 1229 4156 passi
1252 4071 1448 4168 duodecim,
1486 4075 1522 4139 et
1557 4073 1600 4140 de
1635 4073 1710 4141 alie
1745 4075 1860 4142 tribus
1895 4077 2058 4162 partibus
2092 4080 2162 4146 fine

276 4281 280 4290 .
302 4219 463 4287 iamdicti
475 4220 681 4288 monasterii
696 4223 732 4287 et
747 4221 914 4289 iamdicta
937 4241 1096 4309 gemme:
1122 4228 1168 4294 ab
1191 4225 1327 4292 oriente
1351 4226 1446 4312 passi
1469 4226 1633 4294 duocenti
1658 4228 1922 4316 quinquaginta
1939 4201 2123 4317 quattuor:
2142 4251 2164 4298 a

303 4372 452 4441 meridie
466 4373 562 4459 passi
577 4373 707 4459 biginti
730 4393 806 4442 sex:
825 4377 870 4443 ab
885 4375 1068 4443 occidente
1083 4379 1178 4462 passi
1191 4379 1357 4446 duocenti
1373 4379 1502 4466 biginti
1527 4383 1709 4467 quattuor,
1725 4384 1839 4450 totum
1852 4389 2097 4453 mensuratum
2121 4391 2163 4452 at

304 4534 404 4597 iuxto
427 4545 569 4614 passum
592 4528 720 4597 ominis
735 4527 899 4598 inclitum
922 4529 1005 4595 illut
1027 4548 1091 4615 per
1114 4531 1281 4599 iamdicte
1303 4533 1383 4600 finis
1407 4537 1443 4600 et
1466 4553 1632 4602 mensure
1656 4555 1723 4622 ego
1748 4537 1937 4604 iamdictus
1962 4542 2071 4606 abbas
2095 4559 2161 4625 pro

304 4685 379 4752 bice
402 4687 512 4773 ipsius
536 4687 741 4755 monasterii
764 4688 801 4752 et
823 4663 990 4752 iamdicto
1013 4703 1152 4769 gemme
1175 4685 1285 4770 ipsius
1316 4686 1484 4754 dominici
1507 4690 1546 4753 at
1580 4687 1840 4774 pastenandum
1875 4689 2062 4755 arbustum
2089 4690 2162 4756 tra-

302 4839 392 4907 didit
414 4860 495 4907 cum
516 4841 636 4908 omnia
658 4841 754 4908 infra
775 4859 814 4906 se
837 4842 983 4908 abentes
1006 4842 1146 4906 etcum
1170 4840 1246 4907 bioe
1270 4838 1314 4905 de
1337 4841 1397 4909 bia
1419 4859 1496 4920 sua,
1522 4839 1748 4938 taliflordine,
1775 4841 1814 4906 ut
1844 4839 1968 4907 amodo
1998 4843 2035 4906 et
2062 4842 2161 4908 omni

304 4997 461 5080 tempore
484 4997 523 5060 at
544 5013 610 5060 sua
633 4993 734 5060 etde
757 4993 830 5060 suis
853 4993 1043 5062 heredibus
1066 4997 1102 5060 et
1124 4994 1312 5073 ominibus,
1339 4995 1430 5082 quod
1446 4995 1529 5063 illut
1543 4997 1590 5064 ibi
1618 4995 1756 5062 miserit
1771 4996 1810 5062 at
1824 4994 2076 5072 lavorandum,
2089 4996 2162 5063 sint

302 5149 485 5234 potestatis
499 5147 584 5214 illut
599 5149 732 5225 tenere,
751 5145 953 5223 dominare,
979 5149 1078 5214 fobee
1101 5151 1138 5214 et
1160 5148 1274 5216 omnis
1289 5167 1351 5216 sue
1367 5148 1535 5216 utilitatis
1551 5149 1655 5216 iuxta
1670 5149 1845 5216 rationem
1862 5149 1993 5218 ibidem
2009 5149 2157 5226 faciant,

301 5305 337 5368 et
359 5321 419 5370 eos
441 5303 524 5371 illut
546 5303 723 5381 lavorare,
748 5307 950 5390 pastenare,
976 5303 1037 5370 ubi
1062 5303 1247 5380 meruerit,
1265 5304 1410 5372 arbores
1433 5305 1470 5370 et
1492 5305 1582 5372 vites
1597 5302 1682 5371 illut
1697 5261 1828 5370 ibidem
1844 5307 2049 5391 pastenare,
2067 5305 2159 5372 sicut

299 5459 396 5527 locus
418 5461 493 5546 ipse
517 5461 700 5538 meruerit,
727 5463 767 5527 ut
789 5461 827 5528 iu
850 5459 977 5526 melius
1001 5459 1187 5546 proficiant
1214 5462 1251 5526 et
1274 5479 1343 5526 non
1381 5459 1598 5546 dispereant.
1624 5459 1680 5526 Sic
1719 5471 1886 5546 namque,
1913 5463 1952 5526 ut
1989 5459 2156 5546 completi

299 5614 423 5682 amodo
446 5616 483 5680 et
506 5633 615 5702 usque
637 5613 821 5682 duodecim
837 5613 923 5682 anni
939 5613 1106 5699 completi
1129 5611 1259 5680 ibidem
1283 5614 1415 5679 abeant
1437 5615 1622 5681 arbustum
1646 5633 1775 5681 vonum
1799 5615 1933 5682 factum
1950 5615 1986 5680 et
2001 5614 2169 5690 surtum,

299 5767 391 5834 sicut
413 5767 604 5845 meruerit;
620 5770 666 5834 ¹et
689 5767 812 5834 amodo
835 5770 873 5834 et
895 5786 1005 5854 usque
1028 5785 1066 5835 se
1089 5767 1271 5851 compluat
1293 5766 1413 5833 decem
1437 5767 1535 5844 anni,
1561 5771 1734 5855 quantum
1758 5767 1880 5835 binum
1895 5765 1980 5834 inde
2004 5765 2149 5846 exierit,
