5398 7106
1034 521 1483 601 uiridissimus
2033 533 2103 606 205

299 704 453 780 dictione
478 717 569 786 bona
592 716 785 796 lavorata,
810 717 904 786 sicut
926 716 1275 806 superius‘legitur,
1307 721 1410 789 salba
1432 739 1513 789 cum
1537 721 1612 809 ipso
1634 741 1839 810 organsum
1864 724 2091 794 remittamus
2113 726 2153 796 in

302 883 386 952 pars
409 867 519 954 ipsius
541 871 708 949 ecclesie,
733 872 771 939 et
793 869 902 940 liceat
924 889 988 940 nos
1011 871 1094 939 inde
1117 850 1219 940 exire
1243 891 1324 942 cum
1347 873 1465 943 omnis
1489 878 1610 946 nostra
1633 893 1754 954 causa,
1773 895 1848 965 que
1871 877 2005 946 iustum
2028 879 2149 958 tuerit,

301 1021 337 1086 et
358 1019 413 1088 ire
436 1023 497 1090 ubi
521 1023 766 1102 voluerimus,
792 1027 829 1092 et
853 1023 979 1094 amodo
1002 1027 1040 1092 et
1062 1025 1146 1094 dum
1171 1029 1277 1094 rebus
1300 1029 1379 1114 ipsa
1401 1029 1623 1098 tenuerimus
1646 1030 1684 1098 in
1707 993 1886 1099 iamdicta
1907 1032 2072 1111 ratione,
2108 1032 2152 1102 li-

269 1146 451 1244 'centiam
474 1178 643 1246 abeamus
666 1177 698 1246 si
721 1177 940 1247 voluerimus
961 1179 1099 1248 omines
1123 1178 1168 1248 ad
1193 1178 1420 1248 residendum
1444 1183 1482 1248 et
1504 1181 1713 1250 abitandum
1737 1183 1871 1251 ibidem
1895 1183 2050 1264 mittere,
2068 1204 2151 1274 qua·

293 1325 378 1394 liter
400 1327 645 1408 voluerimus,
682 1332 719 1398 et
742 1333 924 1400 abeamus.
966 1333 1011 1399 Et
1033 1351 1098 1420 per
1121 1333 1386 1403 combenientia
1409 1354 1470 1422 per
1497 1335 1687 1404 iussionem
1710 1336 1959 1426 suprascripta
1992 1339 2149 1426 gloriosa

293 1489 465 1574 potestate
487 1489 622 1576 guadia
644 1489 754 1559 michi
778 1494 896 1578 ipsum
920 1492 1031 1558 abbas
1054 1487 1155 1557 dedit
1177 1491 1215 1557 et
1238 1490 1435 1558 mediatore
1458 1490 1568 1558 michi
1592 1490 1712 1576 posuit
1726 1489 1899 1560 iohannes
1921 1489 2017 1558 tilius
2040 1509 2152 1578 quon·

292 1640 373 1709 dam
397 1643 526 1730 gautii.
554 1646 599 1712 Et
621 1662 686 1732 per
710 1638 826 1731 ipsein
849 1641 1022 1731 guadiam
1046 1644 1115 1710 ete.
1141 1643 1312 1728 Sequitur
1333 1649 1503 1714 consueta
1525 1645 1703 1731 formula,
1729 1648 1874 1714 statuta
1897 1646 2033 1714 malma
2047 1647 2150 1732 quia·

292 1799 469 1883 quopiam
492 1799 582 1867 aare
603 1799 803 1867 solidorum
824 1798 1059 1868 costantini.
1085 1793 1139 1864 Sic
1163 1800 1297 1874 tamen,
1314 1798 1345 1866 si
1360 1801 1480 1866 ortum
1502 1799 1547 1866 de
1569 1799 1706 1888 cepolle
1729 1797 1781 1866 ibi
1805 1797 2007 1876 fecerimus,
2024 1798 2147 1868 demus

291 1947 374 2016 inde
397 1951 437 2019 in
459 1970 544 2038 pars
567 1951 680 2040 ipsius
703 1896 852 2020 ecclesie
876 1953 1043 2038 quartam
1067 1951 1234 2036 partem,
1260 1953 1297 2018 et
1313 1953 1382 2024 'nos
1407 1953 1481 2019 tres
1503 1950 1622 2019 sortis.
1659 1950 1752 2037 quod
1780 1949 1911 2037 scripsi
1935 1969 2002 2038 ego
2025 1953 2149 2038 petrus

288 2104 460 2173 notarius.

333 2255 361 2346 †
385 2259 459 2346 ligo
483 2259 545 2346 qui
568 2277 680 2346 supra
703 2258 890 2327 mirandus
912 2257 1089 2346 presbiter
1112 2261 1150 2327 et
1173 2261 1296 2328 abbas.

334 2408 362 2500 †
386 2411 461 2497 Ego
483 2411 707 2496 grimoaldus
730 2430 786 2478 me
809 2389 1016 2497 subscripsiss

334 2562 361 2652 †
384 2563 460 2650 Ego
483 2569 606 2652 petrus
630 2565 792 2634 notarius
815 2584 872 2633 me
894 2563 1102 2652 subscripsi.

1033 2979 1402 3074 MCLXXXII

1051 3223 1111 3301 A.
1139 3224 1196 3301 D.
1225 3228 1350 3304 1053

330 3497 358 3589 ’ς
381 3499 420 3565 In
443 3499 586 3566 nomine
608 3497 743 3566 domini
765 3497 970 3567 duodecimo
994 3517 1087 3566 anno
1112 3497 1337 3598 principatus
1360 3497 1480 3566 domni
1506 3496 1618 3564 nostri
1641 3495 1758 3582 gisolfi
1773 3493 1929 3581 gloriosi
1953 3459 2138 3581 principis,

285 3669 407 3719 mense
432 3651 564 3728 iunius,
588 3653 694 3718 sexta
717 3649 923 3718 indictione.
950 3652 1024 3737 Ego
1048 3651 1190 3718 elianus
1213 3669 1329 3718 comes
1352 3651 1449 3718 iilius
1474 3609 1653 3738 oriundam
1668 3649 1813 3740 guidoni
1838 3647 1980 3716 comitis
1995 3648 2138 3717 declaro

288 3803 456 3892 quoniam
480 3804 569 3873 mihi
592 3809 629 3873 et
651 3805 798 3873 landoni
820 3803 986 3892 germani
1009 3805 1080 3873 mei
1103 3807 1262 3893 pertinet
1284 3808 1418 3875 habere
1455 3825 1527 3874 una
1550 3804 1653 3894 pecie
1675 3805 1719 3872 de
1742 3783 1845 3872 terra
1875 3801 1914 3870 in
1937 3785 2058 3872 locum'
2076 3803 2140 3870 du-

282 3959 388 4036 dano,
415 3959 475 4027 ubi
499 3978 521 4026 a
543 3961 581 4027 ia
603 3959 803 4028 castanieta
826 3959 971 4037 dicitur,
986 3962 1023 4027 et
1045 3962 1099 4027 est
1122 3979 1186 4046 per
1209 3960 1289 4028 iinis
1312 3963 1349 4027 et
1373 3927 1550 4030 mensurio
1567 3961 1659 4027 iusto
1682 3976 1788 4045 passu
1814 3957 1970 4026 hominis
1993 3974 2136 4024 mensu-

284 4114 376 4181 rato:
401 4113 432 4179 Α
455 4117 557 4202 parte
579 4113 844 4202 septemtrionis
866 4113 936 4180 fine
960 4111 1137 4182 romualdi
1160 4113 1224 4181 filii
1249 4113 1426 4201 quondam
1451 4113 1624 4191 iohanni,
1651 4111 1733 4179 inde
1757 4112 1853 4200 passi
1877 4109 2030 4199 triginta
2052 4130 2133 4180 sex:

282 4271 336 4338 Ab
359 4269 542 4366 occidente
564 4269 633 4336 tine
656 4269 699 4337 de
715 4268 811 4346 aliis,
836 4269 874 4335 et
895 4268 991 4354 passi
1014 4268 1136 4335 decem
1160 4271 1197 4335 et
1219 4270 1350 4336 octo:a
1373 4267 1521 4336 meridie
1543 4268 1612 4336 tine
1635 4268 1679 4336 de
1694 4265 1789 4344 aliis,
1803 4269 1840 4334 et
1863 4267 1958 4352 passi
1981 4267 2136 4354 triginta

284 4420 487 4509 quadtuor:
528 4421 583 4487 Ab
606 4423 744 4488 oriente
766 4421 835 4489 flue
859 4420 977 4489 media
999 4438 1081 4506 sepe
1105 4419 1201 4487 iusta
1223 4420 1301 4506 ipsa
1324 4438 1419 4506 sepe,
1444 4423 1482 4488 et
1504 4420 1599 4506 passi
1631 4411 1937 4506 qua'dtuordeoim.
1978 4423 2023 4487 Et
2045 4441 2128 4491 oon·

280 4595 411 4662 gruum
434 4577 488 4642 est
511 4573 600 4642 mihi
623 4575 699 4643 viee
725 4593 831 4651 mea,
871 4575 974 4642 etde
997 4574 1073 4661 ipso
1096 4592 1269 4660 germano
1293 4593 1370 4642 meo
1393 4574 1477 4642 illut
1511 4573 1551 4642 in
1574 4573 1858 4642 commutationis
1894 4573 2022 4642 ordine
2045 4575 2133 4642 dare

281 4727 422 4796 exdicto
446 4727 635 4796 romualdi.
662 4731 706 4795 Et
729 4728 820 4805 ideo,
839 4727 933 4795 sicut
956 4679 1045 4794 mihi
1059 4746 1257 4814 congruum
1282 4729 1347 4805 est,
1373 4729 1466 4796 bona
1489 4745 1569 4795 mea
1585 4689 1782 4805 voluntate,
1797 4747 1862 4814 per
1877 4728 2131 4798 conbenientia

277 4902 341 4971 per
364 4903 431 4953 auc
454 4883 739 4982 cartulainante
763 4881 979 4970 subscriptos
1004 4883 1111 4949 testes
1133 4881 1177 4949 do
1201 4880 1267 4950 tibi
1292 4881 1477 4951 romualdi
1492 4885 1565 4950 vice
1590 4901 1693 4962 mea,
1718 4885 1755 4950 et
1777 4882 1821 4950 de
1846 4881 1921 4969 ipso
1945 4901 2125 4969 germano
2208 4893 2213 4908 ’

282 5057 359 5106 meo
383 5040 562 5125 integram
586 5039 700 5126 ipsam
725 5039 826 5125 pecie
849 5035 893 5103 de
917 5039 1024 5134 terra
1040 5055 1103 5123 per
1119 5017 1308 5106 iamdictos
1330 5037 1417 5106 fines
1441 5039 1478 5105 et
1493 5057 1680 5106 mensuras
1703 5057 1787 5106 cum
1805 5037 1925 5105 omnia
1939 5037 2035 5107 intro
2051 5017 2130 5108 eam

277 5191 501 5268 habentibus,
527 5187 716 5277 cuntisque
739 5187 813 5256 suis
836 5187 1075 5274 pertinentiis,
1100 5190 1241 5256 etcum
1265 5189 1342 5257 vice
1365 5189 1409 5258 de
1435 5149 1492 5258 via
1514 5209 1591 5268 sua,
1618 5191 1756 5278 etipsa
1781 5152 1838 5260 via
1861 5194 2042 5261 trabersat
2064 5213 2129 5281 per

232 5367 242 5383 ·
277 5349 357 5431 ipsa
381 5345 498 5422 rebus,
524 5346 601 5411 tum
624 5343 784 5432 predicto
808 5342 989 5411 romoaldo
1012 5344 1049 5408 et
1071 5342 1145 5410 suis
1169 5343 1359 5412 heredibus
1394 5345 1479 5412 illut
1517 5346 1720 5414 habendum
1755 5349 1793 5414 et
1819 5347 2021 5417 iaciendum
2047 5348 2129 5417 inde

279 5501 426 5580 omnia,
452 5498 544 5589 quod
567 5499 778 5578 volueritis,
804 5491 1006 5587 et'propter
1029 5499 1307 5608 confirmationis
1332 5501 1411 5568 uius
1434 5499 1745 5581 commutationis,
1785 5503 1925 5590 suscepi
1948 5523 1970 5572 a
1993 5507 2029 5572 te
2052 5503 2129 5574 vice

279 5672 361 5724 mea
383 5657 420 5721 et
442 5654 486 5722 de
508 5654 585 5742 ipso
607 5674 779 5740 germano
802 5671 879 5722 meo
904 5670 975 5721 una
998 5653 1100 5742 pecia
1123 5653 1167 5722 de
1191 5657 1290 5722 terra
1314 5657 1446 5744 tuaque
1471 5656 1646 5725 romoaldi
1670 5657 1707 5725 in
1734 5657 1860 5726 eodem
1888 5661 1964 5727 loco
1988 5659 2130 5747 propin-

280 5829 350 5900 quo
372 5809 487 5879 sancti
510 5809 646 5878 mathei
660 5809 870 5897 pertinente
893 5809 1033 5886 nostra,
1058 5811 1095 5877 et
1117 5813 1173 5878 est
1195 5829 1259 5896 per
1282 5808 1361 5878 fluis
1384 5813 1421 5878 et
1444 5830 1656 5880 mensuras:
1698 5815 1727 5882 A
1755 5816 1859 5900 parte
1884 5813 2032 5883 orientis
2054 5817 2124 5884 fine
