5454 7104
596 510 640 582 os
1253 506 1424 581 33331
1456 507 1743 596 caucasis

551 707 652 790 pecia
675 705 719 772 de
743 707 842 772 terra
866 723 946 771 cum
970 704 1169 792 aliquantis
1192 704 1394 782 arboribus,
1420 703 1481 772 ubi
1505 721 1632 790 campu
1657 701 1767 770 vitale
1789 699 1947 778 dicitur,
1984 719 2091 788 quam
2127 699 2260 767 retinet
2283 719 2398 767 ursus.

551 855 729 924 naariam
753 858 890 944 peciam
913 859 957 925 de
984 861 1083 926 terra
1106 877 1187 925 curn
1211 858 1407 945 aliquantis
1432 855 1645 934 arboribus,
1683 855 1744 924 ubi
1766 855 1937 923 similiter
1960 873 2088 942 campu
2113 854 2223 922 vitalc
2257 853 2409 944 dicitur,

549 1029 659 1098 quam
683 1011 815 1080 retinet
837 1009 922 1078 sico.
965 1015 1010 1078 Et
1032 1010 1184 1078 adiunxi
1208 1011 1246 1078 in
1271 1011 1340 1078 ista
1362 1013 1457 1078 sorte
1483 1013 1617 1078 terram
1641 1031 1722 1080 cum
1746 1013 1891 1079 arbusto
1915 1014 1952 1076 et
1975 1028 2085 1078 vacuo
2124 1009 2163 1078 in
2186 1010 2262 1076 loco
2286 1008 2400 1085 siano,

553 1185 622 1252 que
646 1185 669 1237 3
691 1169 793 1254 parte
816 1166 1010 1234 occidentis
1034 1168 1079 1234 ad
1103 1166 1269 1254 paludem
1292 1166 1483 1235 coniuncta
1506 1167 1586 1243 est,
1620 1170 1758 1234 313331
1785 1165 1917 1232 1311331
1940 1164 1985 1232 31
2009 1164 2244 1232 laborandum
2267 1164 2405 1229 amatus

553 1320 649 1388 lilius
672 1320 870 1389 amelchisi.
897 1323 942 1388 Et
965 1320 1115 1388 adiunxi
1140 1321 1177 1387 in
1199 1322 1270 1388 ista
1292 1323 1387 1388 sorte
1410 1321 1556 1389 tertiam
1580 1324 1720 1407 partem
1744 1339 1812 1412 que
1844 1322 1898 1387 est
1921 1339 1996 1386 sors
2028 1308 2201 1395 illerum,
2238 1317 2281 1383 de
2306 1319 2405 1383 terra

551 1493 631 1542 cum
655 1479 827 1552 arbusto,
866 1496 934 1564 que
959 1478 1014 1542 est
1037 1477 1075 1544 13
1098 1475 1340 1564 suprascripto
1363 1477 1439 1544 loco
1464 1478 1595 1543 benera
1618 1478 1742 1562 supter
1765 1473 1916 1544 ccclesia
1939 1474 2056 1542 sancti
2078 1471 2231 1560 cipriani
2255 1471 2399 1538 coniun-

551 1632 647 1696 ctam
671 1629 716 1697 ad
741 1630 836 1698 viam
860 1649 929 1717 que
951 1629 1083 1697 dicitur
1108 1633 1367 1698 benebentana.
1394 1633 1438 1697 Et
1462 1628 1613 1698 adiunxi
1636 1630 1674 1696 in
1697 1629 1768 1697 ista
1790 1631 1881 1696 sorte
1898 1627 2079 1712 integram
2103 1626 2247 1726 tertiam
2264 1629 2402 1712 partem

550 1804 619 1871 que
640 1788 696 1852 331
717 1785 862 1852 11131313
885 1803 974 1861 3313,
993 1784 1036 1850 de
1060 1787 1160 1850 terra
1184 1802 1264 1850 cum
1289 1785 1435 1850 arbusto
1459 1782 1588 1870 inipso
1611 1783 1689 1850 1333
1713 1784 1859 1858 benera,
1877 1780 1971 1868 quod
1995 1779 2127 1846 retinet
2150 1779 2221 1846 riso
2232 1781 2401 1848 strambo.

554 1941 596 2006 Et
619 1938 769 2008 adiunxi
793 1940 831 2006 in
854 1939 926 2008 1313
948 1943 1044 2006 sorte
1068 1942 1205 2006 terram
1230 1957 1379 2004 vacrram
1403 1937 1440 2003 in
1462 1935 1702 2024 suprascripto
1726 1937 1802 2003 loco
1827 1939 1970 2012 benere,
1985 1955 2093 2021 quam
2109 1935 2241 2002 retinet
2255 1934 2401 2001 simeon.

553 2094 598 2158 Et
621 2089 772 2158 adiunxi
795 2090 926 2158 131313
948 2093 1043 2158 sorte
1067 2092 1203 2158 terram
1242 2109 1322 2157 curn
1348 2091 1522 2158 31331313
1545 2093 1653 2178 plano
1677 2091 1830 2158 3131133
1869 2090 2049 2158 13313313
2077 2089 2215 2157 131333
2249 2091 2401 2167 locubia,

550 2263 619 2330 que
643 2245 686 2312 de
712 2263 782 2312 una
805 2243 1438 2334 3311333313331333131113νὶ33
1463 2244 1734 2330 anguillarium,
1761 2249 1797 2310 et
1821 2245 1864 2312 de
1888 2244 2002 2312 altera
2025 2248 2128 2330 parte
2152 2245 2197 2312 ad
2220 2244 2333 2344 ipsam
2357 2248 2407 2316 lo-

549 2400 758 2478 3311133131
779 2400 822 2467 de
846 2400 921 2468 alia
945 2403 1047 2487 parte
1071 2401 1116 2470 ad
1142 2403 1236 2468 viam
1261 2401 1454 2488 puplicam.
1482 2403 1525 2468 nt
1549 2404 1703 2470 alteram
1728 2405 1866 2470 terram
1883 2421 1964 2470 cum
1988 2401 2094 2468 vinea
2116 2401 2160 2468 de
2183 2400 2304 2469 eodem
2328 2404 2405 2468 loco

551 2573 658 2644 quam
683 2555 737 2623 via
759 2557 905 2642 separat
927 2575 950 2623 a
973 2556 1218 2643 suprascripta
1243 2559 1353 2636 terra,
1379 2560 1415 2622 et
1439 2577 1484 2624 ex
1508 2558 1604 2628 omni
1627 2559 1730 2644 parte
1759 2577 1838 2626 eam
1862 2559 1918 2624 vie
1941 2557 2170 2624 circumdant.
2195 2558 2239 2622 Et
2254 2555 2405 2625 adiunxi

552 2709 590 2776 in
614 2709 683 2777 ista
706 2713 801 2778 sorte
824 2711 867 2778 de
891 2709 977 2797 ipsis
1002 2713 1108 2780 rebus
1133 2711 1277 2778 illorum
1301 2711 1345 2778 de
1368 2711 1443 2798 ipso
1468 2714 1546 2779 loco
1570 2711 1732 2780 tusciano
1756 2731 1820 2798 per
1842 2712 1929 2778 fines
1952 2714 1989 2778 et
2012 2729 2223 2778 mensuras:
2256 2731 2279 2778 a
2302 2715 2404 2798 parte

550 2863 713 2932 meridiei
736 2867 790 2930 est
812 2864 892 2932 fluis
915 2864 1008 2932 illud
1025 2864 1118 2952 quod
1142 2865 1179 2930 13
1203 2866 1282 2951 ipsa
1305 2864 1421 2950 prima
1445 2868 1540 2932 sorte
1566 2865 1775 2934 adiunctum
1799 2867 1863 2932 est:
1883 2885 1905 2932 a
1928 2867 2032 2952 parte
2046 2865 2238 2932 occidentis
2261 2868 2315 2933 est
2325 2866 2405 2932 linis

548 3021 649 3087 terra
673 3019 881 3087 monasterii
905 3019 1022 3086 sancti
1046 3017 1199 3106 georgii,
1225 3020 1263 3084 et
1285 3018 1380 3104 passi
1404 3021 1560 3094 centum,
1585 3021 1622 3085 31
1645 3018 1799 3087 revolvit
1821 3016 1858 3086 in
1881 3023 1984 3107 parte
2014 3021 2117 3108 quasi
2139 3019 2288 3087 orientis
2310 3020 2405 3106 passi

550 3173 748 3260 nonaginta
772 3175 968 3260 quattuor,
995 3175 1031 3239 et
1056 3172 1210 3239 revolvit
1232 3175 1368 3240 rectum
1394 3172 1430 3240 iu
1454 3173 1730 3259 3311331133113
1753 3175 1848 3262 passi
1871 3173 1992 3265 decem
2016 3177 2053 3242 31
2075 3178 2230 3242 nobem:
2256 3195 2277 3243 a
2301 3181 2403 3262 parte

549 3327 812 3414 septemtrionis
835 3328 916 3395 finis
940 3327 1032 3396 illud
1057 3330 1149 3415 quod
1173 3329 1212 3396 in
1236 3327 1313 3416 ipsa
1337 3328 1446 3394 tertia
1480 3332 1575 3395 sorte
1600 3329 1818 3416 adiungente
1841 3333 1921 3406 331,
1959 3329 2117 3416 qualiter
2145 3334 2282 3397 rectum
2306 3329 2405 3398 vadit

551 3479 656 3552 iuxta
678 3487 849 3570 parietem
874 3483 986 3570 ipsius
1010 3485 1159 3552 ecclesie
1182 3484 1299 3552 sancti
1323 3465 1404 3552 viti:¹
1424 3505 1445 3551 a
1469 3485 1572 3572 parte
1595 3485 1742 3552 orientis
1764 3487 1849 3554 sunt
1871 3486 1966 3572 passi
1989 3485 2204 3572 sexaginta,
2230 3489 2403 3573 quantum

551 3643 631 3726 plus
655 3637 791 3706 rectum
806 3651 924 3728 'prope
949 3641 1067 3726 ipsum
1092 3639 1239 3708 fluvium
1264 3641 1466 3708 tuscianum
1492 3641 1694 3709 mensurari
1717 3644 1870 3728 3333331.
1911 3643 1955 3707 Ε1
1977 3641 2128 3712 adiunxi
2154 3641 2194 3708 in
2217 3640 2287 3708 1313
2309 3644 2404 3708 sorte

554 3794 707 3881 deipsis
731 3796 836 3861 rebus
859 3793 1006 3860 illorum
1031 3813 1099 3880 que
1124 3794 1270 3860 luerunt
1292 3793 1403 3882 ipsius
1428 3795 1502 3860 ursi
1526 3793 1706 3870 sculdais,
1748 3812 1812 3880 per
1835 3795 1920 3860 fines
1945 3796 1982 3862 et
2005 3811 2218 3860 mensuras:
2255 3793 2403 3877 aparte

551 3948 814 4036 septemtrionis
837 3944 914 4014 finis
938 3947 1042 4024 illud,
1070 3947 1163 4026 quod
1187 3947 1224 4014 in
1247 3946 1326 4033 ipsa
1348 3946 1464 4032 prima
1488 3949 1583 4014 sorte
1608 3946 1816 4016 adiunctum
1852 3949 1906 4014 est
1930 3968 1937 4012 :
1980 3965 2002 4014 a
2026 3948 2130 4032 parte
2164 3943 2311 4012 orientis
2334 3945 2403 4012 fine

551 4105 655 4181 illud,
681 4105 773 4190 quod
797 4103 834 4170 in
859 4106 937 4190 ipsa
961 4103 1077 4190 prima
1101 4106 1196 4170 sorte
1221 4099 1445 4190 aliquantum
1470 4099 1680 4170 adiunctum
1704 4103 1778 4178 est,
1804 4105 1840 4167 31
1863 4101 1939 4188 1333
1961 4100 2115 4180 fluvius,
2141 4101 2177 4167 31
2199 4102 2285 4168 3331
2307 4119 2403 4168 3133-

549 4259 667 4328 331311
691 4259 893 4346 peripsum
918 4256 1072 4326 11311313
1088 4241 1191 4346 ’33331
1216 4257 1468 4344 nonaginta:a
1492 4262 1594 4343 parte
1619 4257 1780 4325 meridici
1804 4260 1883 4327 finis
1898 4261 2002 4346 illud,
2022 4243 2114 4346 quod
2138 4263 2177 4328 in
2202 4264 2280 4349 ipsa
2296 4258 2404 4326 tertia

552 4417 647 4483 sorte
671 4416 890 4502 adiungentc
914 4419 995 4482 est:
1019 4434 1041 4482 a
1065 4421 1168 4501 parte
1191 4413 1383 4481 occidentis
1406 4415 1476 4481 fine
1502 4418 1579 4500 ipsa
1603 4414 1682 4492 via,
1708 4417 1744 4480 et
1768 4415 1863 4502 passi
1885 4415 2095 4501 nonaginta.
2123 4417 2170 4480 Et
2193 4415 2342 4482 adiunxi
2367 4413 2404 4480 in

550 4572 621 4640 ista
645 4573 738 4638 sorte
762 4571 805 4638 de
829 4571 908 4657 ipsa
932 4573 1031 4636 terra
1055 4564 1197 4635 illorum
1220 4585 1300 4634 cum
1324 4567 1454 4634 olibeto
1478 4569 1515 4634 et
1538 4587 1650 4635 vacuo
1673 4567 1716 4634 de
1741 4568 1863 4636 eodem
1887 4569 1963 4636 1333
1988 4569 2151 4638 13331333
2174 4589 2238 4657 331
2260 4570 2347 4642 fines
2369 4576 2405 4638 et

558 4745 753 4795 mensuras:
779 4746 802 4794 a
825 4729 928 4814 parte
951 4723 1214 4812 septemtrionis
1237 4723 1317 4790 linis
1339 4722 1457 4800 illud,
1495 4724 1588 4810 quod
1612 4723 1651 4790 in
1676 4724 1755 4810 ipsa
1779 4725 1897 4811 prima
1919 4729 2014 4792 sorte
2038 4725 2243 4792 adiunctum
2267 4727 2347 4792 est:
2383 4743 2405 4791 a

554 4885 656 4966 parte
679 4881 828 4950 orientis
851 4883 920 4949 line
939 4883 1019 4968 ipse
1044 4879 1199 4956 fluvius,
1240 4881 1276 4944 31
1299 4878 1497 4946 1333331311
1527 4880 1702 4967 quantum
1738 4877 1818 4965 plus
1842 4880 1938 4945 recte
1976 4896 2084 4964 prope
2119 4877 2234 4964 ipsum
2260 4877 2404 4946 nuvium

552 5035 755 5102 mensurari
779 5039 938 5122 possunt,
956 5035 1052 5122 passi
1077 5034 1311 5120 vigintiduo:
1338 5052 1359 5101 a
1383 5035 1486 5120 'parte
1502 5032 1665 5103 meridiei
1689 5033 1769 5101 finis
1793 5033 1897 5110 illud,
1912 5032 2004 5118 quod
2028 5033 2064 5100 13
2089 5033 2165 5119 1333
2188 5032 2296 5100 131113
2311 5037 2405 5100 sorte

554 5190 771 5276 adiungente
795 5193 876 5257 est:
901 5209 924 5258 a
946 5193 1049 5277 parte
1071 5190 1265 5258 occidentis
1291 5191 1345 5256 est
1367 5190 1448 5258 finis
1471 5187 1549 5276 ipsa
1574 5208 1670 5276 aqua
1693 5209 1761 5274 que
1785 5189 1863 5257 fluit
1886 5189 1931 5256 ad
1955 5188 2032 5275 1333
2056 5187 2216 5263 molina,
2249 5191 2285 5255 31
2308 5205 2405 5256 1333-

550 5364 637 5414 3313
660 5348 833 5433 quantum
856 5348 936 5433 plus
961 5349 1056 5413 recte
1081 5364 1189 5432 prope
1214 5345 1330 5432 ipsam
1354 5363 1485 5432 aquam
1510 5342 1712 5413 mensurari
1737 5346 1908 5430 possunt,
1944 5344 2039 5430 passi
2075 5341 2202 5428 viginti
2234 5361 2311 5410 sex.
2349 5345 2402 5410 Ex

555 5505 619 5570 hoc
644 5505 714 5570 1313
737 5501 805 5570 1331
827 5519 904 5568 3333
926 5501 1117 5570 secundam
1142 5502 1273 5568 sortem
1298 5519 1378 5566 cum
1403 5499 1480 5567 vice
1504 5499 1547 5566 de
1572 5497 1639 5566 viis
1671 5499 1757 5566 3313.
1796 5500 1952 5566 Tertiam
1976 5499 2107 5565 sortem
2142 5497 2209 5566 leci
2231 5515 2295 5584 per
2318 5499 2404 5564 fines

557 5668 592 5723 et
615 5675 827 5726 mensuras:
853 5677 875 5724 a
899 5659 1004 5744 parte
1028 5655 1190 5724 meridiei
1214 5656 1309 5731 fine,
1335 5653 1427 5722 sicut
1449 5653 1528 5740 ipsa
1551 5655 1611 5722 via
1634 5657 1671 5721 et
1695 5653 1829 5720 limites
1859 5653 2094 5731 discernunt,
2130 5655 2167 5718 et
2197 5672 2260 5740 per
2290 5653 2404 5739 ipsam

558 5812 671 5878 113331
695 5811 891 5880 mensurati
915 5808 1008 5898 passi
1033 5815 1175 5880 centurn
1198 5809 1390 5894 sexaginta
1415 5809 1584 5897 quinque:
1610 5813 1655 5880 ab
1680 5809 1756 5898 ipsa
1779 5812 1882 5898 parte
1905 5808 2053 5877 31133113
2074 5810 2157 5887 fine,
2174 5809 2266 5876 31331
2288 5808 2406 5876 media
