5398 7106
979 501 1379 581 blrtbulrlcbs
1987 511 2055 584 ms

260 704 383 753 eorum
407 686 602 774 adimplere
626 691 793 766 noluerit,
818 695 974 762 autnon
998 697 1165 783 potuerit,
1191 698 1320 774 iudico,
1349 703 1387 768 ut
1409 702 1524 768 omnis
1549 705 1653 770 rebus
1677 711 1756 773 mea
1778 707 1947 772 stabilem
1976 707 2013 771 ct
2035 725 2108 772 mo-

166 930 170 942 ·
261 838 368 906 bilem
391 840 486 909 inter
508 860 547 909 se
571 845 635 930 ipsi
657 845 722 912 dlii
745 848 780 912 et
801 847 874 914 filie
898 867 973 916 mee
997 849 1128 918 fratres
1151 859 1187 918 et
1210 871 1348 922 sorores
1371 854 1468 922 inter
1491 874 1529 924 se
1554 855 1628 924 illis
1670 857 1724 923 rel
1755 857 1898 925 illorum
1932 877 1994 926 ere
2003 859 2106 926 dibus

263 993 446 1074 dibidant,
472 1001 508 1065 et
531 998 640 1067 deant
662 999 735 1068 illis
758 1005 804 1070 ab
827 1003 902 1089 ipsc
924 1005 996 1072 filie
1020 1024 1096 1072 mee
1119 1007 1324 1086 sortionem,
1350 1009 1443 1077 sicut
1466 1010 1606 1098 legibus
1629 1012 1930 1097 langobardorum
1956 1014 2018 1080 ille
2041 1016 2108 1083 tol·

257 1150 334 1216 lere
357 1155 394 1216 et
416 1153 604 1219 succedere
628 1153 742 1223 debet.
770 1159 909 1227 tantum
947 1159 991 1225 de
1014 1177 1054 1225 ec
1077 1159 1198 1226 omnia
1221 1162 1466 1248 suprascripta
1489 1163 1604 1230 omnis
1629 1167 1733 1232 rebus
1770 1185 1849 1233 mea
1872 1167 2039 1234 stabilem
2068 1171 2106 1234 et

257 1305 422 1372 mobilem
446 1305 575 1384 iudico,
602 1310 643 1376 ut
665 1310 765 1395 prius
787 1311 869 1378 inde
893 1311 999 1381 tollat
1021 1315 1151 1382 mulier
1172 1317 1316 1383 'nomine
1340 1317 1464 1384 aloara
1489 1335 1579 1384 uxor
1604 1335 1709 1394 mea,
1748 1319 1910 1388 inclitam
1935 1324 2104 1410 quartam
2197 1358 2208 1364 -

257 1459 408 1542 partem,
435 1459 590 1544 qualiter
613 1479 680 1546 ego
703 1461 736 1528 ei
760 1463 864 1532 emsit
886 1464 924 1531 in
946 1466 1004 1532 dle
1028 1468 1147 1533 nostre
1172 1467 1406 1554 copulationis
1430 1486 1619 1554 persuum
1643 1470 1875 1557 morgincap,
1903 1473 1941 1539 at
1965 1473 2104 1541 facien-

255 1609 339 1677 dum
362 1610 445 1678 inde
468 1611 536 1681 illa
559 1615 722 1722 quicquit
737 1616 769 1684 ei
785 1618 974 1703 placuerit,
993 1621 1125 1707 absque
1149 1621 1244 1688 omui
1265 1621 1522 1689 contrarietate
1546 1623 1591 1691 de
1613 1623 1700 1690 meis
1715 1623 1881 1700 eredibus
1905 1627 1964 1692 vel
1981 1646 2003 1694 a
2018 1646 2104 1713 qua-

255 1783 407 1853 cumque
431 1766 606 1835 ominibus
630 1789 693 1856 pro
719 1770 863 1838 illarum
887 1773 1061 1858 partibus.
1100 1773 1298 1842 utiterum
1322 1774 1440 1842 iudico
1464 1778 1520 1844 vel
1545 1777 1708 1864 relinquo
1732 1777 1843 1863 ipsius
1884 1780 1987 1846 uxori
2011 1797 2099 1856 mee,

256 1917 339 1986 dum
364 1919 429 1987 illa
452 1925 552 1988 casta
575 1922 707 1989 lectum
731 1942 844 1990 meum
869 1925 1119 2002 custodierit,
1140 1929 1177 1993 et
1200 1947 1270 1994 non
1294 1927 1483 2004 nubserit,
1523 1931 1713 1996 abeant'et
1736 1929 1972 1999 deteneauta
1996 1948 2104 2019 super

256 2092 360 2140 suurn
384 2075 593 2162 morgincap
616 2077 659 2143 de
681 2027 795 2145 omnis
820 2081 925 2146 rebus
947 2099 1027 2146 mea
1050 2080 1215 2147 stabilem
1255 2083 1291 2148 et
1315 2082 1482 2149 mobilem
1505 2081 1669 2148 inclitum
1695 2085 1953 2152 usumfructum
1982 2104 2101 2152 usum-

256 2229 397 2296 fruendi
421 2231 585 2306 nomine,
612 2231 768 2317 qualiter
791 2251 857 2318 ego
880 2233 913 2299 ei
938 2251 1001 2318 per
1025 2234 1141 2319 legem
1166 2235 1369 2322 relinquere
1393 2239 1429 2302 ot
1452 2236 1611 2303 iudicare
1635 2255 1776 2322 possum
1796 2285 1803 2314 ‚
1830 2237 1869 2304 in
1892 2239 1983 2306 casis
2014 2240 2100 2312 meis

252 2383 357 2450 illam
382 2385 634 2462 residendum,
675 2389 712 2452 et
735 2384 778 2452 de
801 2386 880 2472 ipsa
903 2386 1022 2453 frudia
1046 2386 1245 2454 laciendum
1271 2388 1433 2474 quicquit
1456 2389 1489 2454 ei
1513 2388 1704 2474 placuerit.
1746 2390 1781 2456 Si
1805 2390 1909 2500 illam
1940 2392 2103 2459 nubserit

255 2540 318 2604 aut
341 2541 483 2605 mortua
505 2539 626 2616 suerit,
645 2539 784 2626 integra
806 2540 885 2626 ipsa
907 2541 1020 2607 omnis
1045 2544 1149 2609 rebus
1174 2561 1252 2608 mea
1276 2542 1441 2609 stabilem
1465 2546 1501 2609 et
1526 2543 1700 2620 mobilem,
1727 2544 1819 2630 quod
1843 2545 1908 2612 illa
1932 2566 1996 2632 pro
2020 2546 2094 2632 ipso

254 2693 510 2760 usumfructum
534 2693 704 2771 tenuerit,
718 2697 823 2762 extra
846 2695 925 2780 ipsa
949 2697 1080 2782 quarta
1102 2714 1167 2762 sua
1184 2697 1370 2782 perbeniat
1394 2701 1432 2764 at
1447 2699 1621 2783 potestate
1646 2694 1687 2764 de
1703 2698 1770 2783 ipsi
1781 2699 1847 2766 fflii
1871 2701 1907 2766 et
1922 2701 1994 2767 filie
2009 2719 2096 2776 mee,

261 2843 315 2912 vel
339 2847 377 2914 at
400 2847 545 2915 illorum
569 2849 733 2917 eredibus
761 2901 1137 2917 ...........
1163 2850 1327 2935 superius
1350 2850 1522 2936 scriptum
1547 2854 1612 2918 cst.
1654 2801 1698 2918 Et
1721 2859 1784 2937 per
1806 2853 2102 2922 combenientiam

257 3019 323 3086 ego
346 3001 611 3088 suprascriptus
636 3003 877 3069 machonollus
900 3001 1069 3087 guadiam
1094 3003 1190 3068 robis
1214 3001 1387 3070 nominati
1403 2973 1587 3091 guisenold
1610 3006 1646 3070 et
1663 3003 1809 3070 iohanni
1833 3005 2019 3091 presbiteri
2044 3007 2103 3074 de

249 3153 304 3221 dit
330 3207 337 3220 .
368 3206 375 3219 .
401 3153 404 3159 '
405 3207 599 3221 ......
606 3153 609 3162 ”
627 3156 812 3223 romoaldi.
840 3159 884 3222 Et
907 3175 971 3242 per
994 3155 1072 3242 ipsa
1095 3156 1230 3242 guadio
1252 3155 1371 3242 obligo
1394 3156 1517 3222 eredes
1541 3175 1649 3233 meas,
1671 3160 1708 3224 ut
1731 3156 1762 3224 si
1779 3157 1827 3249 ¹de
1850 3141 1994 3235 omnia,
2009 3179 2102 3246 qua-

253 3307 339 3375 liter
362 3308 524 3394 superius
547 3307 712 3394 disposui
736 3311 773 3374 et
795 3307 974 3384 iudicavi,
1007 3308 1136 3395 aliquit
1159 3309 1286 3376 exinde
1310 3309 1432 3375 eredes
1456 3327 1553 3376 meas
1576 3309 1862 3376 contradixerint
1885 3330 1948 3396 per
1973 3311 2099 3410 quabis

250 3461 418 3542 modum,
448 3483 512 3550 per
536 3463 613 3549 ipsa
636 3463 770 3548 guadia
792 3462 913 3548 obligo
936 3461 1058 3529 eredes
1094 3481 1191 3529 meas
1214 3473 1425 3548 componere
1460 3461 1556 3528 vobis
1580 3463 1834 3550 suprascriptis
1857 3464 2040 3549 guisenolfl
2063 3469 2101 3534 et

250 3621 398 3691 iohanni
425 3625 642 3710 presbiteri,
673 3627 709 3690 et
731 3627 787 3691 c'ui
812 3627 985 3710 scriptum
1009 3623 1115 3690 istum
1141 3621 1179 3688 in
1203 3640 1346 3688 manum
1372 3620 1558 3707 paruerit,
1590 3598 1738 3689 'centum
1763 3621 1843 3688 auri
1867 3621 1996 3689 solidos
2020 3642 2102 3691 con-

251 3777 440 3854 stantines,
466 3780 514 3854 ct,
539 3777 633 3844 sicut
654 3777 817 3863 superius
840 3777 1011 3863 scriptum
1036 3777 1102 3852 est,
1128 3775 1352 3860 adimpleret.
1380 3775 1471 3862 quod
1494 3774 1621 3861 scripsi
1645 3793 1710 3860 ego
1736 3777 1856 3860 petrus
1882 3775 2056 3844 notarius.

297 3929 324 4022 †
349 3935 422 4017 Ego
448 3929 686 4015 guandelleri.

293 4084 320 4173 †
345 4087 422 4170 Ego
446 4085 618 4153 iohannes
641 4084 803 4152 notarius
826 4103 882 4150 me
907 4083 1129 4170 subscripsi„

1066 4463 1267 4544 MCXC

1020 4743 1082 4816 A.
1110 4740 1169 4816 D.
1200 4739 1326 4815 1054

250 4997 252 5002 ¹
290 4974 317 5066 †
342 4973 543 5042 ln-nomine
568 4972 700 5040 domini
727 4973 1000 5060 quadragesimo
1025 4973 1132 5040 tertio
1156 4993 1251 5041 anno
1275 4971 1498 5060 principatus
1522 4971 1641 5039 domni
1657 4970 1803 5059 paldolfl
1825 4967 1969 5058 gloriosi
1993 4974 2097 5059 prin-

243 5128 361 5216 cipis,
387 5131 425 5195 et
446 5126 685 5206 sextodecimo
708 5145 801 5194 anno
824 5127 1045 5214 principatus
1068 5127 1189 5195 domni
1212 5126 1358 5194 landolfi
1379 5125 1445 5193 lilii
1469 5125 1572 5204 eius,
1597 5143 1715 5192 mense
1739 5125 1917 5202 ianuario,
1943 5125 2099 5212 septima

241 5285 458 5354 indictione.
483 5281 770 5350 Memoratorium
794 5283 925 5350 factum
949 5301 1043 5350 ame
1066 5279 1223 5348 salfreda
1236 5279 1313 5347 filia
1336 5277 1477 5346 cuidam
1501 5277 1594 5364 petri
1612 5277 1813 5364 presbiteri,
1831 5295 1871 5345 eo
1888 5277 1980 5363 quod
1996 5277 2094 5346 intus

241 5437 396 5506 cibitate
418 5437 566 5505 abellini
590 5438 699 5504 hante
722 5439 906 5524 iaquintus
920 5435 1129 5523 principalis
1153 5434 1253 5502 iudes
1276 5437 1312 5500 et
1335 5429 1418 5499 aliis
1440 5429 1718 5518 supscriptorum
1739 5430 1883 5497 testium
1908 5427 2120 5498 coniunxit·

240 5611 386 5660 mecum
418 5591 590 5659 iohannes
612 5590 706 5658 lilius
727 5589 869 5657 cuidam
894 5591 1003 5674 (deest
1027 5589 1170 5670 cornea)
1194 5589 1231 5654 et
1253 5605 1333 5654 cum
1351 5583 1536 5654 deusdedit
1559 5585 1735 5670 presbiter
1762 5584 1798 5650 et
1813 5581 2039 5670 primicerius
2060 5582 2101 5650 fl·

239 5747 320 5814 lius
345 5745 520 5832 quoddam
544 5743 640 5831 petri
663 5745 808 5831 propter
831 5742 908 5829 ipsa
932 5745 1037 5810 rebus
1060 5759 1140 5807 mea
1162 5741 1205 5807 de
1228 5743 1304 5808 loco
1328 5739 1390 5826 qui
1413 5737 1546 5806 dicitur
1569 5740 1704 5812 bane03
1724 5738 1761 5803 et
1786 5735 1866 5803 ideo
1889 5734 1957 5822 ipsi
1979 5745 2105 5822 supra·
