5454 7104
1038 565 1450 652 orrruouurr‘cus
1532 581 1534 587 ·
1707 567 1711 574 ’
1795 585 1798 593 ·
1884 525 1890 534 ’
2063 589 2126 662 mr

334 777 405 826 nou
430 765 562 847 possat,
589 783 652 849 per
676 785 798 833 omnes
824 767 917 835 vices
940 789 1006 856 ego
1030 775 1067 838 et
1090 791 1308 841 successores
1331 775 1415 886 mei,
1442 776 1495 842 vel
1521 797 1605 862 pars
1628 778 1739 864 ipsius
1763 781 1911 848 ecclesie
1936 783 2047 850 molas
2070 781 2185 848 eidem

326 931 391 996 per
412 933 535 982 omnes
560 915 654 984 vices
679 921 781 996 boue,
809 925 849 988 ut
873 923 986 1008 ipsum
1011 925 1182 993 molinum
1208 929 1298 994 bene
1322 947 1512 996 macenare
1537 933 1667 1016 posset,
1693 937 1729 999 et
1752 937 1892 1002 veteres
1915 939 2028 1004 molas
2051 935 2181 1003 exinde

329 1065 506 1143 tollamus,
532 1071 734 1139 faciendum
758 1093 802 1141 ex
827 1075 879 1142 eis
902 1077 996 1164 quod
1020 1080 1250 1160 voluerimus.
1277 1081 1450 1150 Similiter
1472 1089 1509 1149 et
1532 1086 1562 1150 si
1586 1086 1783 1155 serraturia
1807 1087 1918 1173 ipsius
1943 1089 2066 1156 molini
2106 1091 2175 1156 ‹lis-

329 1227 436 1308 rupta
462 1225 581 1302 suerit,
607 1247 672 1314 per
695 1246 818 1297 omnes
841 1230 936 1299 vices
960 1253 1044 1320 pars
1068 1234 1176 1322 ipsius
1191 1236 1341 1304 ecclesie
1364 1237 1447 1306 illas
1470 1239 1645 1317 concioni,
1665 1245 1705 1308 ut
1729 1242 1859 1309 iustum
1879 1245 1998 1311 luerit.
2025 1249 2069 1311 Et
2084 1245 2183 1334 quic-

326 1377 404 1464 quit
428 1380 597 1448 molitura
620 1382 657 1450 in
680 1383 755 1469 ipso
779 1385 909 1452 molino
934 1386 1129 1454 intraberit
1154 1407 1265 1475 usque
1289 1389 1365 1476 ipso
1389 1393 1621 1462 constitutum
1641 1445 1648 1470 ,
1675 1399 1787 1462 totum
1812 1397 1895 1464 illut
1917 1397 1984 1464 sibi
2007 1400 2176 1476 habeant,

325 1533 525 1602 faciendum
550 1535 633 1602 inde
657 1538 750 1624 quod
774 1539 970 1616 timuerint,
997 1545 1137 1610 tautum
1161 1562 1389 1630 peromnem
1416 1567 1571 1615 mensem
1597 1568 1706 1637 usque
1731 1554 1946 1636 cumpletum
1970 1553 2084 1639 ipsum
2111 1574 2175 1621 an-

324 1703 410 1753 num
433 1688 543 1756 deant
565 1691 610 1758 ad
633 1696 772 1778 partem
797 1694 956 1778 predicte
979 1697 1127 1764 ecclesie
1151 1717 1214 1784 pro
1240 1700 1409 1768 molitura
1433 1703 1475 1768 de
1500 1704 1574 1788 ipso
1599 1703 1729 1772 molino
1753 1709 1924 1792 (quattuor
1950 1707 2073 1775 ruodiis
2098 1713 2177 1774 cul-

325 1862 405 1911 men
430 1843 644 1913 mensuratis
668 1849 711 1914 de
740 1849 831 1916 bono
854 1850 975 1918 tritico
999 1851 1043 1918 ad
1068 1853 1222 1919 modium
1248 1853 1450 1922 domnicum
1476 1856 1738 1942 plateaticum,
1774 1863 1815 1925 et·
1834 1861 1909 1946 ipso
1933 1861 2053 1928 tritico
2078 1863 2178 1930 nobis

324 1996 435 2064 deant
457 1998 501 2064 ad
525 1998 641 2085 ipsum
665 2003 835 2070 molinum
858 2051 865 2076 ,
891 2007 927 2070 et
951 2005 981 2072 si
1005 2025 1069 2092 pro
1094 2010 1245 2092 ruptura
1269 2007 1381 2095 ipsius
1405 2011 1597 2078 arcaturiis
1621 2013 1737 2098 ipsum
1763 2015 1937 2080 molinum
1960 2033 2070 2100 opera
2094 2035 2175 2102 per·

324 2149 480 2230 diderit,
518 2157 617 2222 tauto
642 2157 799 2242 tempore
819 2143 957 2245 ¹quanto
981 2179 1044 2245 pro
1067 2159 1144 2246 ipsa
1169 2161 1324 2245 rqptura
1347 2180 1457 2246 opera
1480 2163 1678 2247 perdiderit
1701 2183 1765 2251 per
1789 2166 1965 2232 rationem
1989 2186 2073 2252 pars
2096 2187 2177 2254 pre-

324 2308 418 2376 dicte
441 2312 591 2380 ecclesie
614 2311 682 2381 sibi
706 2313 856 2402 imputet
879 2315 922 2382 de
948 2317 1026 2402 ipsa
1050 2316 1246 2394 molitura3
1288 2317 1324 2381 et
1346 2315 1408 2381 ille
1432 2319 1468 2382 et
1491 2318 1567 2384 eius
1590 2321 1739 2386 heredes
1765 2339 1829 2406 per
1852 2340 1992 2388 omnem
2017 2341 2175 2391 mensem

328 2466 508 2551 imputent
531 2466 600 2532 slbi
623 2485 669 2532 ex
692 2467 815 2534 diebus
839 2487 928 2554 quas
962 2489 1025 2554 pro
1048 2470 1300 2556 ipsaruptura
1333 2490 1443 2556 opera
1466 2472 1688 2558 perdiderit,
1730 2472 1844 2557 ipsum
1877 2475 2045 2542 molinum
2075 2495 2181 2544 unam

323 2619 441 2696 diem,
467 2621 504 2686 et
526 2619 569 2684 de
594 2619 671 2705 ipsa
694 2619 751 2686 die
775 2620 887 2686 deant
911 2621 956 2686 ad
981 2623 1118 2705 partem
1142 2613 1301 2705 predicte
1324 2623 1472 2690 ecclesie
1496 2625 1662 2692 molitura
1685 2643 1749 2712 per
1773 2627 1978 2722 rationem,
2004 2629 2097 2694 sicut
2120 2629 2180 2694 de·

321 2756 440 2840 derint
461 2791 526 2856 per
549 2791 660 2838 unum
685 2789 853 2838 mensem.
883 2773 926 2837 Et
949 2771 1093 2847 cotidie,
1113 2772 1254 2859 quando
1282 2774 1457 2841 meruerit
1479 2778 1515 2841 et
1539 2771 1754 2842 voluerimus
1779 2795 1889 2864 usque
1913 2777 2028 2864 ipsum
2054 2779 2180 2845 cousti-

323 2929 443 2993 tutum'
463 2927 526 2992 ille
550 2930 586 2992 et
609 2926 685 2993 eius
708 2926 857 2993 heredes
881 2945 1069 2994 macerare
1092 2927 1230 2994 iaciant
1254 2928 1361 2994 michi
1397 2930 1453 2994 vel
1476 2891 1737 2997 successoribus
1763 2931 1876 3006 meis,
1913 2950 1975 2998 seu
2008 2933 2171 3018 partibus

320 3083 489 3152 iamdicta
512 3083 664 3150 ecclesie
688 3086 829 3150 tantum
855 3081 1001 3158 victum,
1028 3085 1201 3169 quantum
1224 3085 1450 3151 sufficiat'ad
1475 3089 1587 3151 totam
1611 3085 1755 3151 drinium
1781 3067 1955 3163 nostram,
1981 3088 2059 3154 sine
2083 3092 2180 3157 omni

320 3237 521 3305 detinentia
543 3241 579 3304 et
602 3241 735 3326 absque
760 3237 944 3305 molitura.
973 3239 1016 3302 Et
1039 3257 1103 3324 per
1125 3234 1420 3305 combenientiam
1444 3239 1519 3324 ipse
1543 3241 1624 3323 poto
1647 3239 1783 3325 guadia
1808 3239 1916 3306 michi
1940 3240 2063 3317 dedit,
2091 3242 2174 3308 dum

321 3389 439 3458 idonei
462 3393 624 3460 homines
648 3393 892 3470 interessent,
917 3395 954 3458 et
976 3392 1218 3463 fideiussorem
1242 3392 1351 3458 michi
1375 3391 1493 3477 posuit
1516 3389 1699 3477 seipsum,
1737 3394 1773 3458 et
1796 3394 2039 3461 constantium
2063 3395 2176 3462 lilium
2241 3483 2248 3494 ..

322 3545 498 3630 quondam
523 3545 654 3612 basilii.
697 3551 742 3614 Et
765 3567 830 3634 per
854 3551 968 3634 ipsam
992 3544 1159 3631 guadiam
1184 3546 1258 3631 ipse
1282 3548 1363 3630 poto
1386 3544 1558 3630 obligavit
1577 3563 1618 3611 *se
1642 3547 1679 3612 et
1701 3547 1955 3613 suos-heredes
1978 3547 2175 3634 adimplere
2244 3583 2252 3605 .

322 3699 430 3766 michi
455 3701 611 3788 meisque
634 3703 895 3770 successoribus
919 3705 956 3769 et
979 3701 1141 3788 partibus
1165 3699 1332 3765 iamdicta
1355 3699 1503 3765 ecclesie
1527 3698 1660 3776 omnia,
1685 3699 1778 3768 sicut
1801 3701 2087 3790 suprascriptum
2103 3706 2169 3776 est,

322 3875 432 3943 usque
456 3856 662 3923 iamdictum
687 3857 932 3924 constitutum.
975 3855 1028 3923 Ad
1053 3855 1269 3939 completum
1293 3853 1409 3938 ipsum
1433 3853 1664 3920 coustitutum
1688 3855 1834 3940 integra
1869 3844 1947 3949 ipsa
1981 3854 2175 3922 traditione

320 4013 412 4082 iusta
435 4013 576 4080 ratione
598 4015 701 4079 salva
724 4032 805 4079 cum
828 4010 930 4076 molis
954 4013 991 4076 et
1014 4007 1218 4074 serraturiis
1242 4010 1278 4074 et
1301 4026 1385 4076 casa
1409 4028 1516 4094 quam
1542 4009 1638 4075 sacta
1661 4013 1715 4074 est
1738 4027 1846 4095 super
1863 4009 1978 4095 ipsum
2003 4009 2175 4076 molinum

314 4169 416 4236 iusta
439 4168 579 4234 ratione
602 4169 740 4234 salvum
764 4169 877 4233 totum
900 4164 984 4231 illut
1007 4163 1195 4229 remittant
1219 4162 1340 4238 michi,
1356 4161 1412 4226 vel
1429 4161 1516 4228 meis
1539 4161 1813 4237 successoribus,
1828 4179 1890 4226 seu
1907 4159 2070 4246 partibus
2085 4161 2175 4227 iam-

320 4322 415 4390 dicte
438 4323 599 4398 ecclesie,
617 4325 654 4387 et
676 4321 784 4386 liccat
808 4319 888 4385 illos
912 4321 949 4385 et
972 4315 1048 4384 eius
1071 4317 1220 4384 heredes
1245 4317 1326 4383 inde
1350 4317 1452 4383 crire
1475 4335 1555 4382 cum
1579 4315 1743 4382 omnibus
1759 4315 1902 4381 illorum
1928 4315 2045 4383 causis
2069 4319 2105 4381 et
2120 4315 2174 4382 ire

322 4475 381 4542 ubi
405 4475 597 4553 voluerint3
624 4478 660 4541 et
682 4476 724 4549 si,
750 4477 844 4542 sicut
867 4475 1033 4562 superius
1056 4475 1229 4561 scriptum
1253 4477 1318 4550 est,
1344 4475 1420 4561 ipse
1444 4479 1526 4560 poto
1549 4477 1586 4542 et
1610 4474 1684 4542 eius
1708 4465 1857 4563 heredes
1882 4476 1991 4544 michi
2014 4477 2173 4562 meisque

320 4633 580 4700 successoribus
604 4635 641 4697 et
664 4631 828 4717 partibus
852 4630 1020 4697 iamdiete
1044 4629 1194 4697 ecclesie
1219 4649 1290 4695 non
1313 4628 1616 4714 adimpleverint,
1642 4631 1679 4694 et
1701 4629 1949 4714 suprascripta
1971 4631 2029 4696 vel
2054 4647 2099 4696 ex
2123 4629 2175 4694 eis

320 4787 511 4872 quiequam
537 4803 719 4852 removere
743 4787 807 4850 aut
829 4784 1073 4850 contradicere
1097 4780 1401 4868 presumpserint,
1438 4800 1502 4867 per
1526 4781 1639 4868 ipsam
1663 4780 1832 4867 guadiam
1870 4801 1934 4868 per
1957 4782 2172 4848 convenien-

319 4938 407 5005 tiam
431 4939 607 5024 obligavit
629 4957 667 5005 se
690 4941 726 5005 et
749 4957 829 5004 suos
854 4937 1002 5004 heredes
1026 4953 1235 5022 componere
1260 4934 1368 5000 michi
1386 4935 1544 5020 meisque
1567 4933 1829 5002 successoribus
1853 4939 1889 5002 et
1905 4934 2068 5022 partibus
2084 4933 2174 5000 iam-

319 5092 413 5159 dicte
437 5093 586 5160 ecclesie
611 5092 877 5180 quinquaginta
900 5089 982 5158 auri
1004 5088 1133 5158 solidos
1157 5091 1474 5157 constantinianas.
1511 5089 1555 5154 Et
1580 5089 1704 5156 taliter
1727 5088 1856 5177 scripsi
1881 5107 1947 5176 ego
1973 5087 2175 5155 romoaldus

320 5247 494 5315 notarius.

360 5403 387 5494 †
411 5405 485 5489 Ego
509 5401 744 5488 truppoaldus
772 5400 934 5468 notarius
959 5419 1014 5466 me
1038 5399 1230 5486 subscripsi

360 5559 388 5650 ’ς
411 5560 485 5646 ligo
510 5559 715 5626 ademarius
740 5556 906 5624 notarius
930 5575 986 5622 me
1010 5553 1219 5642 subscripsi.

1013 5812 1437 5824 ——u—ae—n-ss
