5454 7104
1030 505 1445 585 DlPLOllATlCUS

1157 839 1340 924 MCIV

1015 1389 1019 1396 Ι
1093 1284 1153 1358 Α.
1180 1279 1237 1355 n.
1266 1282 1392 1358 1048

359 1615 387 1708 †
412 1617 451 1683 ln
474 1615 617 1684 nomine
640 1615 774 1684 domini
797 1616 975 1684 tricesimo
1010 1617 1125 1702 primo
1151 1636 1244 1686 anno
1268 1617 1492 1704 principatus
1529 1617 1647 1686 domni
1672 1618 1785 1686 nostri
1810 1618 2002 1704 guaimarii
2026 1619 2170 1704 gloriosi

311 1769 490 1857 principis,
506 1771 541 1836 et
552 1767 687 1836 decimo
710 1787 806 1836 anno
829 1767 979 1836 ducatus
995 1768 1071 1836 eius
1087 1770 1233 1836 Amaltls
1256 1773 1292 1836 et
1307 1769 1469 1847 Sirrenti;
1493 1789 1600 1857 quarn
1624 1773 1661 1837 et
1675 1769 1823 1857 septimo
1840 1789 1933 1838 enno
1950 1771 2170 1859 principatus

313 1927 353 1991 et
375 1925 532 2011 ipsorum
566 1922 761 1990 ducatuum
785 1923 906 1992 domni
942 1925 1061 2008 gisulfi
1083 1923 1160 1992 eius
1193 1923 1259 1990 tilii
1283 1924 1409 1991 eximii
1441 1922 1614 2011 principis
1637 1927 1673 1990 et
1696 1924 1820 2001 ducis,
1845 1943 1965 1992 mense
1988 1927 2171 2002 hoctuber‚

312 2078 476 2148 secunda
498 2076 705 2145 indictione.
731 2079 805 2164 Ego
830 2077 1003 2144 iohannes
1026 2078 1160 2146 domini
1184 2077 1305 2162 gratia
1328 2080 1438 2146 abbas
1462 2077 1669 2145 monasterii
1693 2078 1807 2146 sancti
1832 2080 1954 2166 angeli
1989 2082 2026 2146 et
2047 2081 2168 2148 sancti

314 2235 411 2310 sone,
437 2233 499 2320 qui
521 2233 582 2301 siti
604 2235 689 2300 sunt
710 2231 808 2300 intus
823 2233 916 2299 hanc
938 2230 1198 2299 salernitanam
1221 2231 1417 2308 civitatem,
1435 2235 1472 2298 et
1495 2229 1615 2318 ibique
1630 2230 1795 2298 adessent
1817 2232 2008 2318 subscripti
2024 2233 2167 2301 idoneos

314 2389 486 2466 homines,
512 2407 576 2475 per
598 2387 881 2463 combenientia‚
906 2405 1013 2474 quam
1037 2390 1074 2453 et
1096 2404 1160 2472 per
1184 2385 1374 2452 iussionem
1410 2385 1530 2454 domni
1555 2385 1703 2471 paldulfl
1737 2385 1902 2470 germani
1936 2386 2166 2474 suprascripti

307 2543 433 2611 domni
451 2545 644 2630 guaimarii
670 2545 893 2613 invictissimi
918 2544 1089 2632 principis
1112 2547 1148 2610 et
1170 2545 1237 2612 tilii
1261 2547 1351 2612 bone
1381 2543 1549 2612 memorie
1565 2545 1685 2612 domni
1700 2547 1895 2632 guaimarii
1912 2547 2096 2634 principis,
2117 2549 2162 2614 ad

308 2697 551 2766 laborandum
577 2699 791 2767 tradidimus
814 2697 962 2765 iohanni
986 2697 1126 2765 diaconi
1143 2699 1186 2770 de
1202 2701 1278 2766 loco
1294 2699 1330 2764 la
1347 2701 1469 2786 penta,
1487 2703 1524 2766 et
1539 2699 1611 2768 tilio
1628 2700 1748 2776 ciceri,
1767 2701 1810 2767 de
1828 2703 1932 2768 rebus
1947 2701 2168 2787 pertinentes

316 2852 552 2941 suprascripti
576 2853 795 2930 monasterii,
821 2853 860 2922 in
883 2857 1004 2922 eodem
1027 2857 1117 2932 loco,
1144 2855 1204 2940 qui
1228 2856 1311 2920 sunt
1334 2854 1435 2940 pecta
1459 2853 1615 2940 quinque
1639 2873 1719 2922 curn
1743 2856 1898 2922 arbustis
1921 2858 1958 2922 et
1975 2855 2163 2923 abellanis.

314 3010 436 3076 Prima
458 3010 560 3095 pecia
582 3029 647 3096 per
670 3030 710 3078 cc
732 3011 813 3078 flnis
837 3014 874 3079 et
897 3011 1103 3086 mensurio,
1128 3029 1174 3076 ex
1197 3007 1295 3078 omni
1319 3013 1421 3096 parte
1451 3011 1521 3075 flne
1545 3009 1781 3096 suprascripti
1804 3010 2036 3088 monasterii,
2062 3012 2099 3076 et
2121 3012 2167 3078 ab

309 3166 451 3233 oriente
474 3168 557 3232 abet
579 3165 675 3252 passi
699 3165 832 3242 decem,
858 3165 976 3232 minus
999 3163 1163 3250 gubitum
1182 3133 1238 3240 (a
1260 3162 1512 3232 septemtrione
1540 3164 1635 3249 passi
1659 3164 1902 3250 quadraginta
1925 3165 2095 3251 quinque·
2120 3168 2166 3234 ab

320 3319 504 3387 occidente
527 3320 610 3388 abet
632 3318 726 3406 passi
749 3321 873 3386 nobem
898 3321 935 3384 et
957 3316 1174 3402 gubitum‚a
1197 3315 1346 3382 meridie
1369 3315 1465 3402 passi
1489 3315 1731 3402 quadraginta
1754 3315 1911 3404 quinque
1935 3320 1972 3384 et
1995 3316 2162 3384 medium.

312 3473 475 3541 Secunda
497 3471 612 3559 pecie,
638 3489 706 3559 que
729 3475 784 3538 est
806 3471 926 3558 ibique
948 3471 1024 3537 loco
1048 3490 1113 3558 per
1136 3489 1175 3538 ec
1198 3469 1278 3537 tlnis
1305 3474 1342 3536 et
1365 3469 1567 3546 mensurio,
1592 3469 1759 3538 similiter
1782 3472 1850 3538 tine
1873 3491 1919 3538 ex
1942 3471 2038 3538 omni
2062 3471 2164 3558 parte

309 3627 355 3694 de
378 3627 494 3712 ipsum
517 3625 785 3702 monasterium,
811 3625 871 3712 qui
896 3623 1058 3692 rotinunt
1080 3624 1302 3692 consortibus
1326 3624 1414 3700 eius,
1441 3643 1463 3690 a
1486 3627 1589 3710 parte
1612 3622 1846 3710 suprascripti
1871 3624 2102 3700 monasterii,
2128 3629 2165 3691 ct

306 3800 331 3848 a
355 3781 505 3848 meridie
529 3783 613 3849 abet
635 3781 731 3866 passi
754 3779 997 3866 quadraginta
1020 3779 1176 3867 quinque
1200 3780 1237 3845 et
1251 3777 1420 3856 medium,
1439 3779 1485 3844 ab
1501 3777 1682 3844 occidente
1698 3780 1782 3845 abet
1797 3779 1891 3864 passi
1909 3779 2037 3864 viginti
2053 3799 2163 3848 unum

308 3939 346 4003 et
370 3932 554 4022 gubitum,
578 3953 601 4001 a
624 3933 878 4021 septemtrione
902 3934 985 3998 abet
1007 3931 1102 4017 passi
1127 3929 1370 4017 quadraginta
1393 3949 1480 4008 sex,
1507 3931 1553 3997 ab
1576 3931 1713 3997 oriente
1737 3932 1820 3996 abet
1853 3929 1949 4016 passi
1984 3931 2162 3998 undecim.

304 4089 425 4158 Tertia
450 4091 552 4178 pecie
577 4089 698 4177 ibique
720 4108 785 4176 per
809 4089 874 4155 has
897 4087 984 4153 fines
1019 4089 1054 4152 et
1078 4104 1286 4164 mensum,
1313 4086 1478 4154 exomni
1509 4086 1612 4172 parte
1634 4085 1802 4153 similiter
1824 4085 1895 4152 fine
1929 4085 2164 4173 suprascripti

308 4245 539 4322 monasterii,
565 4245 626 4332 qui
650 4243 812 4328 retinunt
835 4242 904 4329 ipsi
928 4241 1149 4309 consortibus
1173 4243 1272 4316 eius,
1299 4245 1334 4306 et
1357 4243 1403 4308 ab
1426 4239 1607 4308 occidente
1639 4243 1723 4308 abet
1745 4239 1840 4326 passi
1865 4240 2161 4326 quattuordecim,

305 4403 343 4466 et
366 4419 388 4468 a
412 4399 665 4488 septemtrione
688 4401 772 4465 abet
794 4398 889 4484 passi
913 4397 1064 4483 triginta
1086 4399 1234 4482 septem,
1262 4398 1307 4462 ab
1330 4394 1468 4462 oriente
1490 4396 1560 4460 tine
1584 4395 1642 4462 vio
1665 4395 1760 4480 passi
1784 4394 1915 4480 viginti
1938 4397 2069 4472 octo,a
2091 4414 2164 4462 me-

306 4554 397 4622 ridie
422 4557 505 4621 abet
527 4552 657 4640 viginti
681 4555 717 4619 et
740 4555 875 4620 nobem.
900 4553 1035 4627 Quarta
1058 4548 1158 4635 pecia
1181 4548 1300 4634 ibique
1324 4567 1388 4634 per
1411 4550 1476 4614 has
1499 4548 1585 4613 fines
1608 4556 1645 4613 et
1661 4566 1859 4613 mensuras:
1874 4566 1920 4614 ex
1945 4547 2042 4614 omni
2058 4551 2161 4634 parte

304 4707 477 4775 similiter
499 4709 568 4776 tine
591 4705 827 4794 suprascripti
850 4703 1079 4771 monasterii:
1104 4721 1126 4768 a
1149 4703 1401 4788 septemtrione
1425 4702 1510 4768 abet
1533 4701 1629 4787 passi
1653 4700 1784 4786 viginti
1808 4701 2013 4788 quadtuor‚
2039 4705 2084 4768 ab
2105 4721 2164 4768 oc·

308 4865 448 4932 cidente
472 4865 554 4930 abet
569 4860 663 4948 passi
680 4859 809 4945 viginti
833 4861 918 4934 tros,
944 4856 1130 4924 ameridie
1152 4857 1222 4924 tine
1234 4855 1294 4922 via
1317 4857 1399 4922 abet
1422 4855 1515 4942 passi
1540 4853 1692 4939 triginta
1707 4856 1743 4920 et
1760 4852 1927 4928 medium,
1953 4855 2000 4918 ab
2022 4853 2159 4920 oriente

306 5022 392 5089 abet
414 5020 508 5107 passi
531 5016 694 5086 undecim
718 5019 755 5082 et
777 5015 950 5101 gubitum.
974 5013 1105 5090 Quinta
1127 5011 1230 5098 pecia
1252 5010 1372 5098 ibique
1396 5029 1459 5096 por
1482 5029 1522 5076 as
1545 5011 1632 5076 fines
1656 5013 1693 5075 ct
1709 5027 1907 5075 mensuras:
1922 5007 2090 5074 similiter
2113 5027 2158 5075 ex

306 5175 405 5242 omni
427 5176 531 5261 parte
552 5173 621 5242 tine
644 5166 879 5258 suprascripti
903 5167 1121 5244 monasterii,
1139 5169 1176 5232 et
1199 5169 1244 5232 ab
1267 5165 1408 5232 oriente
1433 5167 1515 5232 altat
1539 5167 1607 5231 fine
1632 5163 1691 5230 via
1714 5163 1808 5250 passi
1832 5164 1952 5229 decem
1975 5165 2012 5229 et
2034 5165 2160 5240 octo,a

303 5328 559 5416 septemtrione
583 5329 666 5394 abet
688 5324 783 5412 passi
799 5321 951 5408 triginta
963 5338 1040 5396 sex,
1066 5323 1102 5386 ct
1118 5321 1322 5386 rebolbente
1346 5317 1382 5383 in
1398 5315 1649 5403 septemtrione
1665 5315 1761 5402 passi
1777 5315 2018 5402 quadraginta
2035 5335 2158 5392 unum,

304 5485 361 5550 Ab
385 5481 567 5550 occidente
590 5483 674 5547 abet
697 5476 791 5566 possi
814 5475 945 5562 viginti
968 5479 1005 5543 et
1029 5477 1153 5542 nobem
1177 5477 1214 5540 et
1229 5473 1403 5550 medium,
1433 5491 1455 5538 a
1479 5471 1629 5538 meridie
1652 5475 1735 5538 abet
1757 5471 1852 5558 passi
1876 5471 2028 5558 triginta
2051 5473 2161 5558 quad-

304 5639 391 5704 tuor
413 5639 450 5704 et
472 5635 647 5722 gubitum,
673 5637 710 5700 et
733 5633 937 5700 rebolbente
961 5631 999 5697 in
1021 5627 1270 5717 septemtrione
1286 5629 1380 5716 passi
1404 5648 1480 5696 sex.
1505 5629 1559 5696 Ab
1575 5627 1653 5714 ipsa
1676 5629 1778 5714 parte
1794 5625 1942 5693 meridie
1966 5629 2049 5694 abet
2065 5629 2158 5714 passi

305 5791 459 5878 triginta
482 5809 545 5858 sex
570 5788 687 5856 minus
710 5787 884 5874 gubitum,
910 5789 1033 5853 Totum
1057 5784 1102 5852 ad
1126 5783 1218 5851 iusto
1241 5802 1383 5869 passum
1407 5779 1561 5850 hominis
1584 5783 1838 5848 mensuratum.
1865 5787 1935 5846 Hec
1960 5784 2080 5847 autem
2102 5801 2159 5850 su-
