5372 7106
1227 548 1667 634 DAMIGERON·

773 756 923 825 Goulos
947 755 1152 824 GAVENSE
1472 756 1876 828 PITRA-AUGTARIUM
1901 761 1964 828 EX
1987 761 2138 832 doulon
2162 759 2353 827 cnvuusl

1861 865 1884 930 i.
1910 866 1970 932 191

494 1043 680 1130 ⁴opere(i)
696 1037 1317 1128 pretiumjudicabimus.Bestialam
1332 1055 1419 1124 qua·
1456 1037 1709 1124 judicavimus,
1737 1042 1929 1110 Bestialam
1954 1041 2234 1130 quadrupedem,
2260 1059 2367 1130 quam

508 1185 703 1273 drupedem
719 1205 824 1276 quem
850 1205 910 1256 voe
927 1186 1068 1274 quidem
1093 1182 1201 1251 etiam
1224 1181 1342 1247 molen
1359 1197 1418 1245 vo-
1460 1181 1586 1270 (inter)
1610 1203 1671 1252 vos
1695 1183 1840 1273 quidam
1866 1185 1975 1253 etiam
1999 1186 2116 1256 Melon
2141 1187 2291 1260 vocant,
2317 1184 2370 1254 di·

504 1337 589 1403 cant
612 1332 824 1402 direximus.
842 1333 887 1398 Et
910 1329 989 1396 idco
1013 1347 1058 1395 ne
1082 1327 1161 1415 quis
1185 1323 1364 1393 maleficus
1381 1323 1416 1389 te
1459 1321 1633 1390 reximus.
1652 1325 1697 1390 nt
1711 1323 1789 1392 ideo
1806 1341 1852 1390 ne
1868 1323 1948 1411 quis
1963 1323 2145 1390 maleficus
2168 1322 2204 1386 te
2220 1323 2366 1406 tuosque

502 1475 652 1560 tuosque
687 1489 816 1566 nocere
849 1469 969 1556 possit.
1007 1485 1121 1554 neque
1156 1463 1414 1534 defectionibus
1458 1489 1587 1537 nocere
1600 1471 1720 1556 possit,
1736 1487 1851 1557 neque
1867 1451 2134 1541 deiectionibus,
2153 1464 2245 1552 quad
2260 1481 2364 1531 exer·

504 1606 598 1694 quod
620 1605 784 1674 exercitu
809 1623 887 1672 meo
910 1603 950 1671 in
974 1601 1085 1669 armis
1117 1597 1279 1684 contigit·
1304 1597 1413 1672 Quom
1457 1605 1546 1672 citui
1572 1623 1649 1672 meo
1666 1604 1702 1672 in
1720 1605 1832 1672 armis
1853 1601 2017 1688 contigit.
2036 1603 2144 1684 Quem
2161 1595 2365 1688 prehendis.
2465 1695 2470 1702 Ι

503 1739 696 1829 prebendis
730 1740 840 1808 <iiiam
884 1737 918 1806 θῑ
952 1756 1021 1804 ”110
1056 1733 1236 1804 abstrahis
1271 1732 1411 1800 dentem
1456 1750 1563 1816 etiam
1579 1749 1656 1834 ejus
1673 1769 1781 1817 unum
1798 1750 1980 1816 abstrahis
2003 1746 2143 1820 dentem
2168 1763 2274 1832 quem
2294 1761 2366 1811 ma-

504 1905 613 1974 quaffl
638 1904 806 1974 magnum
831 1881 1011 1951 habuerit·
1037 1883 1074 1946 ei
1094 1899 1174 1946 cum
1198 1873 1414 1945 extrassefis
1455 1915 1567 1982 gnum
1591 1897 1778 1975 habuerit;
1811 1899 1951 1964 etcum
1975 1893 2182 1966 extraxeris
2204 1895 2270 1960 has
2288 1908 2367 1978 pre-

504 2031 570 2098 has
594 2049 717 2117 preces
739 2026 846 2096 dices.
873 2028 1043 2095 Butabar.
1074 2025 1244 2092 Barthon.
1270 2020 1412 2106 ydram.
1455 2066 1512 2116 ces
1535 2048 1653 2116 dices:

506 2190 591 2241 cera
614 2171 745 2238 maliis.
770 2173 904 2238 meten.
930 2169 1118 2236 bardoron.
1145 2165 1285 2233 Ardiso.
1311 2166 1414 2232 thaa-

503 2339 580 2390 san.
606 2319 756 2388 Lorden.
782 2321 848 2386 hec
874 2317 995 2385 nonies
1018 2315 1093 2403 (sic)
1117 2315 1213 2382 dices
1245 2315 1354 2379 verba
1377 2316 1413 2376 et
1456 2339 1631 2406 putabar·
1657 2341 1821 2406 borthon·
1847 2342 1959 2425 ydra·
1987 2339 2210 2410 ommam&
2235 2337 2363 2405 moon.

503 2470 599 2535 hunc
622 2465 764 2533 dentem
788 2462 893 2530 melis
916 2460 1122 2548 pertundes
1141 2461 1238 2525 etex
1263 2475 1348 2524 auro
1374 2458 1411 2522 in
1454 2480 1654 2549 Bosporon,
1679 2484 1817 2550 ardiso·
1843 2486 2013 2552 thaman·
2038 2483 2179 2552 parm

507 2609 653 2681 brachio
676 2609 808 2698 ligabis
831 2607 897 2676 tibi
921 2613 956 2674 et
976 2605 1047 2673 tuis
1070 2604 1333 2672 adherentibus.
1359 2603 1410 2669 sic
1688 2591 1691 2598 ’

500 2764 540 2828 ut
563 2777 691 2845 COFPUS
725 2758 891 2841 affinitat-
916 2755 953 2821 θῑ
981 2770 1096 2839 neque
1131 2750 1251 2835 Sidus·
1291 2767 1409 2836 neque
1498 2771 1593 2832 Haec
1618 2783 1742 2831 navem
1767 2764 1862 2832 dices
1886 2767 2016 2842 verba,
2042 2767 2079 2834 et
2103 2743 2204 2834 hunc
2221 2763 2362 2832 dentem

500 2897 664 2966 canicule
688 2896 826 2978 tempas
857 2887 1011 2957 nocebit.
1048 2907 1161 2974 neque
1193 2887 1408 2973 pestilentia.
1452 2903 1554 2970 Mens
1577 2903 1781 2988 pertundes,
1799 2903 1835 2968 et
1859 2917 1904 2968 01
1927 2919 2014 2967 auro
2038 2897 2077 2966 in
2101 2897 2247 2966 brachio
2272 2898 2364 2986 liga.

499 3056 613 3128 nsque
635 3051 803 3102 00⁰¹1r8118
827 3033 938 3099 m³l⁰⁸
963 3047 1088 3098 ¹1000P0
1113 3033 1256 3116 Ρθῖθΐῑῑ·
1283 3030 1356 3096 Aut
1378 3029 1410 3097 Si
1456 3047 1509 3116 bis
1533 3046 1598 3114 tibi
1621 3048 1658 3112 et
1681 3015 1753 3112 tuis
1778 3043 2067 3118 adhaerentibus,
2093 3043 2145 3112 sic
2171 3046 2212 3110 ut
2237 3063 2364 3131 corpus

500 3173 586 3264 quid
610 3171 732 3240 fuerit.
767 3167 889 3237 statim
924 3167 1066 3234 dentem
1102 3166 1249 3253 rumpit.
1283 3165 1410 3233 Pedem
1454 3197 1596 3281 tangat·
1636 3195 1682 3260 Ep
1711 3208 1837 3277 neque,
1872 3189 1992 3266 sidus,
2031 3207 2145 3279 neque
2176 3189 2363 3257 caniculae

500 3311 577 3399 ejus
600 3312 784 3380 dextrum.
809 3307 921 3374 isdem
946 3307 1063 3375 verbis
1088 3307 1197 3375 dices.
1215 3310 1252 3374 et
1266 3306 1303 3374 in
1321 3323 1410 3394 qua·
1455 3345 1594 3428 tempus
1619 3335 1770 3413 nocebit,
1788 3351 1903 3421 neque
1922 3331 2145 3418 pestilentia·
2170 3348 2285 3418 neque
2306 3349 2363 3398 00,

498 3472 651 3542 cumqtffi
666 3450 892 3520 menime
908 3449 1103 3536 V01P¹¹8¹²³
1119 3451 1230 3518 fueris
1245 3452 1411 3538 superi&
1456 3485 1582 3539 cursus
1597 3466 1715 3534 malus
1738 3481 1865 3531 nocere
1887 3461 2032 3548 poterit
2058 3459 2168 3530 antei
2188 3460 2272 3546 quid
2288 3461 2364 3530 sue·

499 3599 572 3666 oris
601 3599 664 3680 (2)·
690 3597 775 3664 cum
799 3595 967 3664 habueris
991 3598 1109 3662 iteum
1133 3596 1247 3682 ipsum
1271 3597 1408 3684 pedoffli
1453 3611 1503 3680 rit
1528 3608 1650 3679 statim
1682 3605 1825 3673 dentem
1857 3604 1993 3690 rumpis
2025 3603 2092 3690 (in)
2118 3605 2257 3688 partem
2280 3601 2359 3688 ejus

498 3728 645 3815 Adipeffl
670 3746 810 3815 qu⁰qt¹0
833 3727 924 3813 ejus·
955 3727 1048 3795 idem
1083 3729 1200 3797 Verbis
1223 3729 1317 3799 dices
1343 3735 1407 3816 (3)·
1453 3745 1619 3814 dextram
1635 3737 1759 3807 iisdem
1775 3735 1892 3804 verbis
1915 3735 2023 3802 dices.
2042 3737 2086 3802 ut
2101 3751 2359 3820 quemcumque

497 3849 755 3950 quemcumque
779 3880 908 3948 agrum
933 3859 1095 3930 unxeris·
1128 3863 1251 3930 Statim
1275 3865 1409 3934 febrem
1452 3893 1605 3961 aegrum
1619 3869 1779 3946 unxeris,
1793 3864 1914 3934 statim
1927 3867 2061 3936 febrem
2073 3864 2245 3942 detrahit,
2260 3863 2360 3932 dum·

504 4009 673 4078 detrahit.
691 4009 891 4079 dumtaxat.
915 4029 997 4078 eum
1014 4011 1076 4098 qai
1093 4011 1215 4080 vitalis
1234 4019 1300 4083 est.
1319 4018 1408 4087 Nam
1452 4015 1556 4083 taxat
1579 4010 1617 4078 in
1639 4029 1681 4078 eo
1704 4007 1766 4096 qui
1789 4005 1911 4074 vitalis
1945 4007 2009 4070 est.
2045 4005 2133 4074 Nam
2165 4005 2357 4091 prolongat

503 4153 695 4239 prolongat
710 4155 861 4240 tempus.
885 4153 917 4222 si
932 4153 1049 4241 major
1065 4158 1208 4225 moruus
1229 4160 1284 4226 vel
1300 4179 1410 4230 eausa
1452 4153 1611 4236 tempas,
1635 4147 1667 4214 si
1691 4144 1806 4230 major
1830 4146 1992 4221 moruus;
2018 4144 2074 4212 vol
2098 4160 2206 4210 causa
2228 4143 2356 4221 fuerit,

498 4293 774 4363 tueritcelerius
798 4294 945 4364 recedit.
972 4295 1172 4365 Gervellum
1188 4297 1277 4385 ejus.
1296 4299 1406 4369 isdem
1451 4299 1602 4367 celerius
1633 4295 1781 4365 recedit.
1798 4294 2056 4364 —Gervellum
2094 4292 2200 4379 ejus,
2233 4293 2358 4363 eadem

496 4611 864 4629 m

539 4831 580 4912 (1)
603 4831 629 4892 Il
651 4835 758 4893 nostro
780 4829 894 4892 Codice
915 4829 1018 4890 scrire
1041 4828 1259 4890 chiaramonte
1281 4847 1376 4908 apere
1396 4850 1458 4893 nan
1480 4851 1591 4911 opera,
1614 4833 1751 4895 siccome
1773 4838 1897 4912 stampe
1917 4831 1941 4891 ii
1964 4831 2014 4906 P.;
2038 4849 2055 4892 e
2077 4831 2108 4892 lo
2129 4829 2232 4911 ripeta
2253 4829 2285 4890 in
2300 4847 2357 4891 no-

497 4981 540 5038 ta:
569 5001 580 5034 ι
606 4993 707 5054 opera
725 4973 873 5054 pretium
889 4974 1115 5053 judicabimus
1135 4975 1170 5038 G.
1196 4998 1223 5035 a.
2178 4931 2184 4938 ἠ

536 5119 585 5200 (2)
607 5119 702 5180 Tutia
724 5121 754 5180 la
777 5117 897 5182 lenione
919 5118 951 5180 di
972 5125 1085 5200 questa
1108 5119 1202 5198 luogo
1224 5119 1275 5181 nel
1295 5119 1398 5191 Pitra,
1421 5139 1483 5182 non
1505 5139 1580 5200 pare
1603 5120 1661 5180 che
1683 5119 1852 5200 riproduca
1878 5122 2087 5182 esattamente
2109 5119 2132 5180 ii
2154 5139 2186 5181 n.
2210 5119 2353 5182 n-La

496 5263 606 5346 parole
627 5264 680 5325 del
702 5264 736 5326 G.
761 5263 797 5326 C.
821 5282 883 5326 non
904 5265 922 5325 t
943 5264 1072 5342 rumpis
1093 5281 1145 5324 ma
1164 5265 1317 5342 rumpit‚·
1345 5264 1491 5326 eaubito
1512 5263 1592 5344 dopo
1615 5263 1647 5323 di
1669 5282 1741 5350 essa
1763 5263 1791 5324 si
1813 5233 1892 5323 rede
1915 5263 1937 5326 ii
1958 5267 2069 5344 punto.
2096 5263 2122 5324 E
2144 5249 2353 5344 quantunque

497 5409 528 5470 la
548 5409 657 5489 parata
677 5412 831 5488 sequente
852 5407 899 5470 sia
921 5407 1071 5488 alquanto
1093 5407 1242 5476 svanita,
1271 5427 1351 5488 pure
1374 5409 1401 5470 si
1423 5408 1523 5470 riieva
1544 5409 1625 5470 bene
1648 5409 1678 5472 ia
1700 5409 1801 5490 prima
1823 5407 1938 5472 siltaba
1959 5407 1991 5468 di
2012 5425 2084 5470 essa
2103 5427 2146 5486 pe
2165 5427 2183 5469 e
2205 5409 2224 5468 l’
2238 5408 2352 5472 ultima

479 5553 611 5640 ¹lettera
632 5573 676 5626 m,
699 5553 750 5616 val
771 5559 889 5636 quanto
910 5553 1020 5615 adire
1039 5553 1167 5632 pecten.
1191 5553 1229 5616 V.
1254 5553 1283 5614 ia
1305 5559 1379 5615 nota
1400 5560 1565 5633 sequente.
1679 5613 1681 5616 .

536 5699 581 5782 (8)
602 5699 628 5762 Il
649 5700 739 5762 Pitra
759 5718 821 5761 nan
841 5698 962 5778 riperta
985 5703 1099 5778 questo
1119 5716 1212 5778 pezza
1233 5698 1272 5759 da
1287 5736 1328 5747 —
1349 5698 1470 5760 Pedem
1492 5699 1595 5762 insina
1617 5719 1637 5761 a
1657 5719 1768 5780 ipsum
1786 5700 1929 5780 pedem,
1961 5700 2079 5782 percha
2110 5673 2350 5762 rnaurertente-

494 5850 602 5910 mente
623 5863 713 5907 corse
735 5863 792 5906 can
814 5842 944 5906 l’ocehia
965 5841 1019 5904 dal
1041 5840 1144 5923 prima
1166 5845 1198 5904 al
1221 5845 1359 5908 secondo
1380 5819 1478 5909 dices.
1574 5823 1577 5829 ¹
