5372 7106
1155 477 1159 485 ’
1292 483 1713 566 DAMIGERON

810 687 959 755 OODIGE
983 690 1188 758 GAVENSE
1484 683 1489 711 '
1532 690 1657 759 Petro.
1683 691 1939 760 AUGTARIUM
1965 693 2028 758 EX
2050 693 2200 760 CODICE
2224 695 2423 774 GAVENSl

1904 834 1930 900 f.
1957 834 2034 900 191.

585 1101 691 1185 Lapis
716 1100 905 1172 meletinis.
931 1101 1110 1170 Meletinis
1141 1104 1234 1189 lapis
1258 1105 1465 1189 peremnia
1552 1109 1664 1194 Lapis
1687 1109 1892 1176 Melcttnos.
1916 1107 2105 1174 Meletinus
2120 1107 2211 1194 lapis
2227 1109 2429 1194 peremnia

540 1241 670 1325 prioris
692 1240 815 1309 similis
830 1245 895 1309 cst.
919 1243 984 1311 Sed
1001 1245 1098 1311 hunc
1114 1245 1298 1332 spernitur
1312 1262 1354 1312 eo
1370 1246 1464 1331 quod
1508 1250 1639 1337 prioris
1661 1251 1789 1319 similis
1813 1253 1889 1328 est,
1915 1251 1976 1318 sed
2000 1250 2059 1318 hic
2084 1253 2173 1336 (cod.
2200 1253 2309 1332 hunc)
2333 1270 2432 1338 sper·

540 1379 675 1447 dulcem
700 1384 884 1450 humorem
908 1385 1058 1453 emittit.
1507 1387 1619 1470 nitur,
1644 1405 1686 1453 eo
1709 1388 1801 1475 quod
1825 1388 1965 1455 dulcem
1987 1389 2173 1455 humorem
2196 1389 2340 1455 emittit.

585 1518 690 1607 Lapis
713 1523 903 1590 morothos.
921 1503 1228 1613 Morotnos'lapis.
1255 1523 1291 1590 in
1304 1525 1466 1610 Aegypto
1554 1528 1664 1613 Lapis
1687 1529 1886 1595 Merothos.
1911 1528 2090 1595 Morothos
2111 1527 2204 1614 lapis
2220 1527 2256 1594 in
2269 1531 2434 1614 Aegypto

539 1659 736 1729 invenitur.
753 1667 791 1732 et
812 1668 867 1732 est
881 1667 1106 1753 pallidaster.
1133 1673 1170 1735 et
1192 1668 1269 1753 ipse
1292 1667 1388 1734 vires
1403 1667 1467 1733 ha·
1509 1663 1704 1741 invenitur,
1730 1667 1766 1730 et
1788 1667 1843 1732 est
1865 1663 2089 1750 pallidaster,
2106 1668 2143 1732 et
2163 1669 2236 1753 ipse
2259 1670 2352 1736 vires
2367 1668 2434 1734 ha-

540 1795 599 1862 bet
621 1797 818 1868 efficaciter
840 1802 1068 1888 stringentis.
1512 1805 1569 1868 tet
1591 1803 1786 1870 efficaciter
1809 1804 2033 1889 stringentis,

584 1938 690 2024 Lapis
713 1941 896 2028 loliginus.
922 1944 1103 2029 Feliginus
1127 1945 1233 2031 lapis.
1258 1946 1295 2009 et
1318 1946 1402 2027 (stc)
1427 1942 1466 2009 in
1552 1944 1663 2028 Lapis
1687 1943 1890 2028 Foltptncs.
1916 1943 2100 2029 Feliginus
2124 1943 2217 2031 lapis
2240 1947 2277 2011 et
2299 1944 2428 2030 ipsein

541 2076 701 2166 Aegypto
714 2081 908 2149 invenitur.
927 2071 1092 2151 aurosum
1110 2081 1367 2154 etfiamineum
1386 2090 1465 2172 (sta)
1509 2080 1670 2166 Aegypto
1694 2077 1888 2148 invenitur.
1914 2081 2091 2148 Aurosum
2106 2083 2143 2148 et
2157 2082 2358 2148 flammeum
2374 2099 2430 2148 co·

539 2222 692 2287 colorem
717 2242 796 2309 quse
821 2223 858 2291 in
881 2225 999 2292 fronte
1023 2225 1198 2295 illinitum
1226 2245 1390 2297 somnum
1415 2233 1466 2315 (l)
1509 2216 1619 2284 ῙΟΓΘΠ]
1645 2219 1794 2302 (habet).
1819 2217 1885 2296 Qui
1907 2218 1945 2286 in
1976 2218 2093 2284 fronte
2124 2215 2277 2284 illinitus
2299 2236 2425 2286 ⁸011¹1m

540 2362 658 2428 facere
682 2363 824 2431 dicitur.
1508 2343 1627 2425 facere
1651 2357 1796 2425 dicitur.

583 2501 690 2587 Lapis
713 2501 854 2588 vilapis.
880 2503 1009 2590 vilapis
1026 2504 1077 2588 (2)
1093 2503 1184 2591 lapis
1200 2521 1304 2591 quem
1329 2504 1399 2569 vim
1417 2502 1466 2570 di·
1552 2498 1663 2582 Lapis
1691 2498 1849 2565 Victoris.
1874 2497 2024 2565 Villaris
2048 2496 2140 2583 lapis
2164 2514 2267 2583 quem
2291 2495 2363 2562 vim
2379 2495 2432 2562 di·

539 2636 652 2704 cimus
667 2637 1240 2726 inAethiopiacolligiturcolore
1257 2627 1473 2707 subviridis
1507 2639 1631 2713 cimus,
1657 2639 1695 2706 in
1719 2638 1909 2723 Aethiopia
1930 2636 2126 2723 colligitur.
2163 2638 2286 2704 Colore
2308 2627 2430 2704 subvi-

540 2777 577 2842 et
591 2776 637 2842 ab
660 2777 843 2843 humorem
868 2745 1054 2846 remissum
1080 2777 1174 2845 vires
1198 2780 1306 2846 habet
1329 2779 1464 2846 acriter
1507 2779 1662 2860 uitiiset
1684 2785 1731 2852 ab
1753 2785 1901 2850 humore
1926 2780 2110 2848 remissum
2136 2781 2227 2864 (stc).
2245 2780 2349 2847 Vires
2364 2783 2426 2849 ha.

540 2914 746 2990 mordentis„
770 2917 1031 3004 propterquod
1059 2919 1228 3008 caliginis
1252 2921 1331 3005 (sic)
1356 2922 1393 2986 et
1415 2921 1462 2985 ci·
1507 2922 1567 2989 bet
1589 2917 1722 2986 acriter
1746 2917 1952 2993 mordentis,
1971 2919 2116 3003 propter
2139 2917 2232 3003 quod
2248 2918 2418 3004 caligines

539 3055 690 3123 catrices
712 3055 895 3125 oculorum
919 3060 1082 3148 stringit.
1507 3062 1544 3127 et
1566 3055 1753 3126 cicatrices
1774 3055 1958 3120 oculorum
1982 3052 2147 3138 stringit.

584 3193 689 3279 Lapis
713 3196 939 3264 batrachitis.
966 3200 1180 3268 batrachitis
1203 3198 1298 3286 lapis
1314 3197 1352 3264 in
1368 3217 1465 3285 aegy-
1550 3197 1660 3281 Lapis
1684 3190 2153 3265 Batrcchttis.13atrachitis
2175 3193 2265 3279 lapis
2288 3193 2326 3259 in
2351 3195 2428 3258 Αει

540 3333 603 3415 pto
626 3331 808 3401 invenitur
831 3313 968 3405 colores
990 3343 1146 3407 sanetro.
1174 3339 1269 3406 vires
1293 3339 1401 3406 habet
1422 3337 1465 3405 li·
1506 3341 1616 3424 gypto
1639 3337 1843 3416 invenitur,
1880 3337 1996 3402 colore
2020 3335 2099 3418 (sic)
2122 3333 2216 3402 vires
2243 3336 2352 3403 habet
2384 3333 2427 3401 li-

539 3465 671 3536 nientls
696 3473 732 3536 et
756 3475 912 3540 relaxat.
1507 3481 1651 3558 mentis,
1677 3482 1713 3548 et
1737 3479 1892 3548 relaxat.

583 3604 687 3690 Lapis
711 3606 857 3674 limeris.
885 3611 1037 3678 Limerls
1060 3613 1165 3700 lapis.
1184 3618 1239 3682 est
1261 3633 1396 3700 parvus
1412 3613 1462 3680 vi·
1550 3623 1661 3707 Lapis
1684 3621 1852 3686 Ltmcrts.
1878 3615 2026 3684 Limeris
2049 3616 2142 3704 lapis
2157 3619 2210 3682 est
2229 3635 2361 3700 parvus
2377 3617 2432 3684 vi·

539 3739 634 3808 scide
658 3747 884 3833 stringentis.
911 3755 947 3816 et
961 3771 1051 3838 pene
1064 3754 1197 3822 nimiae
1209 3728 1355 3841 propter
1371 3757 1462 3842 quod
1506 3759 1602 3826 scide
1617 3756 1828 3844 stringentis
1843 3757 1880 3822 et
1894 3772 1984 3842 pene
2003 3753 2147 3828 nimiae;
2172 3751 2425 3840 propterquod

537 3877 690 3948 incausti
715 3887 951 3955 committitur
975 3889 1122 3958 missum
1140 3891 1369 3961 utchalcides
1398 3897 1462 3980 (3),
1507 3893 1661 3962 incausti
1685 3891 1932 3968 committitur,
1955 3889 2100 3958 missum
2125 3891 2165 3955 ut
2181 3887 2374 3966 chalcidos
2391 3890 2429 3954 et

538 4018 575 4084 et
596 4017 712 4104 ipsum
736 4025 773 4094 in
796 4026 935 4115 ciprum
971 4029 1091 4098 insula
1128 4031 1326 4100 invenitur.
1356 4035 1402 4100 Et
1426 4037 1463 4102 in
1507 4029 1620 4119 ipsum
1644 4032 1682 4098 in
1716 4031 1868 4116 Cyprum
1905 4028 2055 4095 insulam
2090 4027 2294 4099 invenitur,
2323 4026 2421 4092 etin

536 4153 647 4224 isdem
670 4162 808 4230 metalli
830 4163 1000 4234 similiter
1022 4170 1173 4252 globosa
1195 4172 1232 4237 et
1247 4187 1380 4237 aurosa
1396 4172 1465 4239 sul-
1505 4169 1632 4238 iisdem
1657 4169 1697 4254 (s.
1722 4166 1895 4253 ejusdem)
1920 4163 2057 4232 metalli
2088 4163 2255 4230 similiter
2278 4162 2425 4248 globosa

583 4499 861 4517 ὴ
932 4491 936 4500 Ι

597 4655 645 4736 (1)
667 4657 710 4718 Le
731 4658 845 4719 lettere
867 4660 977 4722 scritto
998 4660 1051 4721 nel
1072 4662 1180 4722 nostro
1203 4660 1312 4722 codice
1334 4678 1410 4722 sono
1433 4665 1581 4741 qualite,
1613 4663 1729 4740 eppero
1761 4658 1882 4738 leggesi
1902 4675 1998 4734 sonu3
2020 4677 2073 4718 ma
2094 4657 2177 4717 sulla
2198 4677 2222 4717 a
2243 4654 2351 4718 vedesi
2377 4656 2413 4718 lo

556 4805 656 4863 stesso
677 4820 774 4879 segne
796 4802 854 4863 che
875 4803 946 4864 vale
967 4823 1001 4862 m
1022 4822 1110 4867 come
1132 4804 1215 4865 sulla
1236 4824 1267 4876 o;
1290 4803 1370 4868 deve
1391 4805 1503 4886 quindi
1525 4805 1661 4884 leggersi
1681 4823 1832 4867 somnum
1851 4823 1914 4865 non
1934 4822 2062 4866 sonum.

596 4942 645 5024 (2)
667 4947 692 5006 Il
714 4966 746 5008 n.
770 4965 797 5008 c.
822 4947 925 5009 scrire
948 4947 1072 5026 vttapts
1093 4967 1111 5010 e
1132 4968 1202 5012 non
1222 4948 1370 5022 Villam,
1394 4950 1539 5030 quesivi
1561 4950 1685 5027 lapiso
1706 4949 1874 5027 vtmlapte,
1897 4950 2034 5010 siccome
2056 4948 2126 5012 dice
2148 4951 2181 5012 in
2200 4951 2336 5028 seguito.

596 5088 645 5170 (3)
667 5090 736 5153 Non
757 5092 920 5172 sappiamo
943 5109 978 5153 se
1000 5097 1113 5172 questa
1133 5094 1250 5154 notizia
1269 5097 1395 5172 potesse
1418 5095 1546 5172 glovere
1566 5112 1624 5173 per
1646 5111 1814 5154 conoscere
1835 5093 1860 5152 il
1879 5090 1971 5153 modo
1992 5091 2071 5153 ende
2093 5091 2137 5169 gli
2158 5093 2277 5155 antichi
2296 5097 2412 5154 tratta-

557 5255 635 5297 vano
657 5237 689 5297 la
708 5199 829 5316 pitture
850 5237 938 5300 detta
953 5237 1004 5298 cll'
1015 5239 1172 5301 incausto.
1195 5239 1364 5302 Dourebhe
1385 5241 1493 5320 percio
1523 5239 1674 5302 studiarsi
1694 5240 1777 5300 bene
1799 5239 1821 5301 il
1844 5238 2021 5319 significato
2043 5237 2127 5299 della
2147 5238 2324 5312 colimerts,
2347 5240 2412 5300 che

554 5403 612 5465 per
633 5390 750 5465 quanto
772 5384 801 5446 ci
822 5386 950 5447 lossimo
971 5385 1136 5468 adoperati
1163 5407 1225 5448 non
1246 5387 1281 5448 lu
1302 5386 1454 5467 possibile
1475 5387 1507 5448 di
1528 5406 1638 5467 sapere
1660 5386 1792 5467 equale
1823 5386 1907 5448 delle
1938 5387 2040 5466 pietre
2062 5404 2118 5448 ora
2149 5386 2330 5448 conosciute
2351 5403 2406 5464 po-

554 5537 639 5596 tesse
661 5533 910 5613 corrispondere.
934 5532 1078 5594 Sarebhe
1101 5539 1214 5612 questa
1246 5552 1311 5594 una
1340 5551 1416 5594 vera
1436 5531 1539 5611 gloria
1559 5532 1610 5593 dei
1631 5533 1731 5595 nostri
1762 5532 1871 5594 vecchi
1892 5532 2014 5606 codici,
2047 5531 2105 5593 che
2125 5531 2180 5594 nel
2201 5530 2330 5594 silenzio
2351 5530 2406 5594 del

556 5681 693 5744 chiostro
716 5697 944 5743 conservat-ono
964 5682 1053 5738 tanta
1076 5678 1235 5740 ricchezza
1256 5677 1288 5738 di
1310 5678 1433 5739 sciente
1455 5696 1473 5738 e
1494 5676 1527 5737 di
1547 5675 1633 5737 belle
1654 5675 1736 5746 arti.
1760 5693 1795 5736 se
1816 5679 1978 5754 potessero
1999 5693 2057 5736 con
2084 5692 2148 5734 una
2168 5672 2265 5735 breve
2286 5672 2407 5734 notizia

555 5828 670 5909 gittare
691 5844 735 5885 un
750 5826 865 5904 lampo‚
882 5821 941 5884 che
963 5821 1086 5884 lacesse
1108 5821 1248 5901 scoprire
1271 5821 1455 5902 quassante,
1470 5841 1505 5884 se
1519 5840 1582 5882 non
1596 5821 1703 5881 affatto
1722 5821 1881 5918 ignorata,
1903 5839 1997 5882 senna
2017 5818 2137 5880 dubbio
2157 5821 2255 5881 molto
2268 5817 2407 5880 incerte.
