5372 7106
630 491 685 570 20
1195 544 1198 552 ,
1296 487 1713 569 DAMIGERON

582 695 739 780 potestas
763 707 852 759 vero
871 709 1006 760 omnes*
1020 692 1118 778 magi
1143 693 1442 760 confirmaverunt
1464 694 1514 777 (1)
1538 691 1839 780 quasimaxime
1870 693 2043 761 babentes
2073 690 2280 779 potentiam.
2312 691 2357 756 nt
2378 689 2430 758 sic

576 846 794 916 invenerunt
815 846 1113 935 quemadmodum
1138 848 1358 934 temptarent
1374 865 1503 915 uxores
1517 865 1603 915 suas·
1616 847 1662 915 do
1675 847 1863 916 caritatem
1886 865 1975 933 erga
1994 865 2032 914 se
2056 847 2119 914 aut
2141 844 2428 914 benevolentiam

576 999 973 1088 sempercustodirent·
987 1003 1029 1067 et<
1047 1003 1293 1086 cognorerunt
1318 999 1523 1086 diligenter.
1543 1002 1597 1067 lta
1612 1000 1791 1069 fecissent.
1815 999 2049 1068 dormientem
2074 999 2198 1068 uxoris
2219 999 2344 1066 subtus
2371 1015 2430 1064 ca·

577 1155 651 1241 pite
674 1157 871 1242 posuerunt
893 1156 1068 1224 latentem
1093 1153 1261 1241 lapidem,
1279 1157 1315 1222 et
1329 1155 1360 1222 si
1384 1155 1527 1242 quidem
1551 1159 1631 1222 erat
1653 1157 1754 1224 casta
1777 1157 1820 1224 ab
1841 1155 1939 1224 omni
1962 1156 2075 1224 altero
2099 1154 2188 1231 viro,
2213 1152 2264 1222 sic
2296 1152 2340 1221 ad
2357 1171 2432 1222 ma·

502 1369 505 1374 .
579 1308 814 1378 ritumsuum
840 1311 1035 1378 accedebat
1057 1309 1237 1378 somnians
1260 1310 1517 1376 volutabundo.
1544 1317 1580 1376 et
1610 1293 1855 1397 amplexabat'
1874 1328 1955 1377 eum
1986 1315 2164 1396 tamquam
2189 1308 2342 1394 impulsa
2365 1325 2429 1393 per

582 1464 751 1550 aliquem.
777 1463 813 1531 Si
836 1467 958 1532 autem
982 1463 1106 1551 aliquo
1131 1462 1209 1530 viro
1233 1463 1404 1530 coiverat.
1440 1466 1617 1552 tamquam
1649 1464 1721 1532 vim
1753 1464 1907 1551 alicujus
1937 1463 2083 1550 spiritus
2114 1463 2231 1530 odoris
2259 1460 2428 1530 fedissimi

580 1618 671 1706 lapis
694 1619 873 1688 mittebat.
892 1623 933 1687 ut
946 1619 991 1686 de
1007 1622 1104 1688 lecto
1120 1620 1157 1687 in
1172 1620 1375 1706 pavimento
1399 1617 1555 1686 caderet.
1581 1619 1773 1686 Concordia
1796 1636 1934 1706 quoque
1956 1636 2075 1686 secum
2101 1619 2221 1686 habet.
2248 1616 2342 1688 sicut
2356 1634 2427 1684 non

536 1868 540 1876 Ι
572 1774 669 1841 ¹alius
692 1773 796 1860 lapis.
822 1774 954 1842 Multas
977 1774 1072 1842 enim
1098 1773 1266 1841 mulieres
1290 1791 1369 1840 cum
1396 1791 1462 1839 rex
1486 1771 1695 1858 adingressa
1725 1772 1864 1840 maritis
1886 1779 1960 1838 suis
1982 1771 2100 1857 coegit
2127 1767 2259 1838 reverti
2283 1769 2329 1836 ad
2352 1787 2425 1838 eas.

573 1927 611 1993 et
634 1925 802 2013 diligeret
824 1925 1096 1994 matrimonium
1121 1945 1258 1993 eorum.
1285 1925 1351 1992 Sed
1375 1927 1483 1994 etiarn
1509 1925 1681 1992 uxoribus
1704 1925 1851 1992 maritos
1875 1879 2033 1991 restituit
2057 1924 2119 2008 (2).
2147 1927 2212 1990 Hic
2227 1923 2323 2010 lapis
2345 1941 2429 2010 gra·

573 2079 704 2147 ticsum
728 2083 764 2146 et
786 2082 1041 2168 obsequentem
1065 2079 1153 2146 facit
1176 2081 1378 2166 portantem
1402 2097 1439 2145 se
1463 2081 1500 2144 et
1523 2078 1716 2146 iucundum
1747 2095 1959 2146 sermonem.
1997 2077 2189 2146 advocatus
2222 2080 2319 2146 onim
2353 2095 2428 2146 ma«

573 2251 730 2319 gnopere
753 2229 932 2302 subvenit.
959 2238 1004 2300 Et
1027 2234 1121 2322 apud
1145 2233 1313 2321 populum
1338 2233 1634 2300 concionantibus
1658 2233 1925 2318 persuasionem
1948 2231 2043 2300 enim
2060 2234 2184 2317 prebet
2207 2233 2271 2316 (3).
2297 2235 2334 2300 et
2369 2232 2429 2300 de·

480 2357 484 2366 ά
574 2405 705 2455 eorem.
731 2407 933 2456 sermonum
957 2391 994 2454 et
1017 2391 1219 2456 verborum.
1255 2388 1360 2456 etad
1384 2371 1590 2456 facultatem
1627 2390 1663 2454 et
1687 2353 1875 2454 victoriam
1911 2389 1948 2454 et
1970 2387 2261 2474 exsperationem
2301 2389 2366 2470 (4).
2411 2388 2427 2453 t

575 2543 622 2610 ad
645 2543 820 2611 sacrificia
842 2562 1031 2630 magorum
1052 2544 1293 2631 aptissimum.
1331 2543 1397 2620 Qui
1421 2544 1516 2610 hunc
1540 2542 1697 2628 lapidem
1721 2540 1842 2610 habet.
1868 2541 2018 2610 exaudit
2039 2541 2134 2610 enim
2157 2540 2243 2610 deus
2266 2543 2349 2608 vota
2371 2559 2428 2608 eo-

574 2715 667 2763 rum.
695 2697 773 2765 Ideo
797 2696 1039 2766 sacrificantes
1062 2701 1099 2764 et
1121 2699 1310 2784 precantes
1333 2701 1478 2783 gestant
1500 2715 1592 2764 eum.
1624 2698 1794 2763 Preterea
1817 2715 1897 2762 cum
1912 2693 2090 2763 voluerint
2105 2692 2237 2762 intimi.
2266 2689 2357 2761 idest
2373 2694 2429 2760 fue

579 2869 653 2921 res.
677 2856 817 2921 secreta
840 2853 996 2940 pretiosa
1020 2852 1188 2940 diripere.
1214 2853 1330 2919 intrat
1352 2853 1391 2919 in
1415 2852 1572 2920 alicuius
1596 2853 1750 2920 domum.
1790 2851 1922 2919 Deinde
1955 2852 2049 2920 inter
2083 2853 2252 2938 quattuor
2276 2850 2425 2938 angulos

573 3005 693 3074 domui
716 3006 776 3073 nel
800 3003 952 3073 triclinii
977 3008 1149 3074 carbones
1172 3005 1339 3072 ardentes
1362 3007 1510 3090 ponunt.
1536 3006 1593 3071 nel
1621 3003 1741 3090 ignem
1766 3022 1812 3071 ex
1837 3003 2018 3072 bitumine.
2041 3005 2078 3070 et
2092 3007 2296 3089 supponunt
2311 3001 2427 3068 minu-

571 3164 676 3229 tatim
700 3161 876 3246 precisum
901 3160 1069 3248 lapidem.
1094 3162 1131 3228 et
1152 3158 1204 3226 sic
1228 3162 1449 3256 transferunt
1473 3165 1608 3227 mentes
1632 3163 1668 3228 et
1692 3161 1812 3228 oculos
1835 3178 1958 3227 eorum
1993 3158 2054 3246 qui
2088 3159 2219 3226 adsunt
2253 3159 2293 3224 ut
2327 3157 2430 3226 timo·

572 3333 649 3382 rem
673 3315 894 3383 continentes
919 3315 1064 3401 fugiant
1087 3314 1171 3382 inde
1194 3317 1361 3401 putantes
1387 3333 1493 3381 ruere
1517 3315 1659 3381 domum
1685 3317 1749 3400 (5).
1776 3313 1896 3383 Nichil
1919 3315 2107 3401 profanum
2131 3317 2197 3380 est.
2241 3329 2307 3382 rex
2330 3312 2428 3382 orbis

572 3473 767 3538 terrarum.
786 3471 826 3536 ut
841 3469 909 3536 iste
933 3469 1027 3555 lapis
1043 3467 1088 3536 ad
1104 3487 1143 3536 se
1166 3467 1321 3536 adducat
1344 3466 1475 3536 animal
1493 3473 1529 3535 et
1547 3420 1695 3537 ferrum.
1720 3469 1953 3557 adtrahitque
1968 3471 2103 3538 ferrum
2118 3471 2155 3536 et
2174 3485 2315 3535 rursum
2332 3484 2431 3536 amo-

570 3631 644 3695 vet.
670 3625 845 3716 siquidem
871 3625 970 3712 pium
996 3626 1050 3692 est
1074 3643 1163 3710 erga
1186 3625 1304 3691 deum.
1330 3627 1367 3690 et
1387 3623 1523 3709 justum
1548 3623 1719 3710 perficiet.
1745 3641 1765 3690 e
1804 3622 1948 3690 inutilia
1971 3621 2115 3707 repellit
2143 3621 2203 3705 (6).

613 3782 718 3869 Lapis
742 3781 887 3867 lingurc
913 3781 976 3864 (7).
1013 3779 1171 3866 Lingurc
1194 3779 1284 3866 lapis
1307 3778 1480 3865 optimum
1504 3779 1742 3846 tutamentum
1766 3777 1820 3844 est
1844 3779 1881 3844 in
1905 3776 2059 3844 domum.
2099 3773 2221 3843 sedet
2243 3792 2424 3862 pregnan-

612 4157 653 4236 (1)
675 4157 711 4219 Ρ.
734 4175 751 4217 e
773 4157 811 4218 A.
840 4179 851 4212 r
875 4154 981 4234 Hujus
1002 4153 1117 4234 lapidis
1138 4157 1328 4233 potestatem
1351 4152 1399 4233 [P.
1425 4171 1514 4225 vere,
1536 4154 1575 4224 A,
1598 4156 1683 4234 vero]
1706 4173 1814 4215 omnes
1834 4155 1920 4233 mogi
1940 4154 2215 4224 confirmaverunt,
2242 4152 2333 4244 qnasi
2355 4170 2429 4214 ma·

567 4302 671 4364 ximas
692 4301 841 4364 habentis
863 4299 1021 4381 potentias
1044 4323 1071 4361 ι.

608 4449 648 4528 (Ρ)
671 4447 706 4509 P.
735 4472 747 4504 ι
772 4447 947 4508 Concordia
968 4464 1078 4508 secum
1100 4464 1226 4524 quoque
1249 4443 1359 4519 hahet,
1376 4463 1474 4524 quum
1496 4463 1552 4507 rex
1572 4463 1630 4524 per
1644 4464 1717 4505 euin
1738 4445 1870 4506 maritos
1891 4443 1975 4523 cogit
1992 4443 2111 4504 reverti
2132 4442 2173 4504 ad
2186 4443 2350 4514 mulieres,
2367 4443 2430 4504 sed

565 4597 665 4657 etiam
688 4593 841 4656 uxoribus
864 4593 995 4654 maritos
1017 4591 1156 4655 restituit
1179 4615 1206 4652 ι.

608 4741 650 4820 (3)
670 4740 706 4802 Ρ.
734 4765 745 4797 ι
768 4737 1009 4820 persuasionem
1031 4739 1078 4798 eis
1101 4736 1232 4815 praebet
1257 4759 1284 4798 a.

607 4884 651 4964 (l)
674 4885 717 4945 Le
738 4882 847 4964 parole
870 4889 902 4943 ct
925 4899 1105 4943 sermonem
1127 4927 1135 4950 ,
1163 4886 1194 4941 et
1213 4879 1427 4956 facultatem,
1451 4877 1508 4940 che
1529 4879 1557 4940 si
1577 4877 1709 4957 leggono
1730 4875 1779 4938 nel
1802 4875 1837 4938 P.
1861 4895 1879 4936 e
1899 4875 1973 4937 nell'
1986 4877 2037 4946 A..
2061 4894 2215 4938 maurane
2237 4874 2289 4936 nel
2310 4880 2425 4936 nostro

565 5029 694 5092 Codice.

612 5175 656 5256 (5)
678 5174 713 5236 Ρ.
741 5200 754 5232 ι
778 5179 813 5234 ut
834 5173 986 5234 timorem
1011 5173 1207 5234 continentes
1228 5171 1351 5248 fugiant
1374 5169 1473 5241 inde;
1507 5172 1618 5248 putant
1640 5185 1734 5228 ruere
1764 5166 1892 5236 domum
1915 5188 1943 5227 ι.
1965 5199 2004 5210 -
2024 5165 2063 5229 A.
2090 5190 2102 5222 ι
2128 5169 2162 5226 ut
2183 5165 2303 5260 timore
2324 5167 2434 5227 conti-

568 5325 684 5384 nenter
704 5319 830 5399 fugiant
851 5319 937 5394 inde,
961 5321 1110 5400 putantes
1131 5335 1226 5378 ruere
1248 5316 1376 5376 domum
1400 5338 1426 5374 ι.

575 5509 578 5530 2
606 5463 651 5544 (6)
673 5464 709 5527 Ρ.
735 5489 748 5524 ι
771 5463 904 5544 Siquid
926 5463 1015 5544 pium
1039 5467 1088 5524 est
1108 5481 1187 5541 erga
1207 5461 1308 5524 Deum
1330 5465 1363 5521 et
1381 5461 1507 5539 justum
1531 5503 1539 5530 ‚
1562 5459 1708 5539 perficiet
1727 5463 1760 5520 et
1779 5458 1906 5522 inutilia
1926 5457 2052 5540 repellit
2075 5481 2103 5520 r.
2123 5489 2166 5532 Γ·
2186 5456 2226 5522 A.
2244 5481 2266 5556 'a
2295 5456 2329 5530 Si
2352 5459 2434 5538 qui-

568 5609 642 5672 dam
662 5610 751 5692 pium
772 5613 822 5672 est
844 5627 921 5687 erga
941 5609 1044 5672 Deum
1066 5611 1098 5668 et
1117 5607 1253 5690 justum,
1276 5605 1419 5686 perficiet
1440 5610 1472 5668 et
1493 5605 1618 5672 inutilia
1638 5605 1764 5692 repellit
1786 5631 1814 5667 r.
1915 5697 1919 5706 ι
1998 5640 2001 5648 ·

604 5756 654 5838 (7)
679 5781 691 5815 ι
714 5755 883 5836 Lyngurus
907 5776 936 5816 ι.
958 5787 999 5800 -
1021 5755 1059 5818 Α.
1086 5778 1098 5812 ι
1122 5753 1318 5836 Lyngurium
1343 5776 1369 5814 ι.
