5454 7104
998 526 1418 601 urruouirious

1100 749 1102 756 ·
1144 726 1318 819 MCLl

970 930 972 936 '
1077 945 1134 1018 Α.
1163 941 1220 1018 D.
1249 943 1363 1018 1051

342 1203 434 1296 †ln
457 1206 599 1274 nomine
623 1207 760 1275 domini
783 1207 964 1275 tricesimo
991 1212 1096 1275 tertio
1121 1228 1215 1276 ranno
1240 1208 1460 1294 principatus
1495 1208 1615 1274 domni
1642 1207 1753 1275 nostri
1777 1207 1975 1276 Guaimarii
2012 1207 2161 1294 gloriosi

298 1363 482 1450 principis,
500 1367 537 1430 et
559 1362 765 1432 duodecimo
788 1383 882 1434 anilo
906 1365 1056 1432 ducatus
1079 1364 1156 1430 eius
1179 1363 1339 1448 amalphi
1364 1366 1400 1429 et
1422 1363 1583 1438 sirrenti,
1597 1366 1634 1428 et
1656 1362 1792 1429 decimo
1818 1381 1913 1430 anuo
1930 1361 2161 1448 principatus

299 1521 335 1584 et
349 1518 507 1604 ipsorum
533 1517 727 1586 ducatuum
751 1517 870 1586 domui
883 1517 1002 1604 gisulfi
1026 1517 1150 1585 eximii
1174 1519 1347 1606 principis
1371 1525 1407 1586 et
1422 1517 1522 1586 ducis
1538 1517 1605 1585 filii
1621 1521 1711 1594 eius,
1729 1535 1849 1584 mense
1866 1517 2008 1594 martio,
2029 1521 2162 1603 quarta

302 1671 505 1739 indictione.
532 1673 618 1738 Dum
642 1690 760 1738 eoram
786 1673 967 1758 presentia
990 1671 1225 1758 suprascripti
1249 1670 1369 1740 domni
1395 1671 1507 1739 nostri
1530 1669 1726 1757 guaimarii
1750 1670 1966 1737 serenissimi
1984 1671 2020 1735 et
2045 1689 2067 1736 a
2095 1669 2163 1735 deo

293 1825 500 1893 conservati
524 1825 697 1911 principis
720 1829 757 1892 et
780 1826 879 1892 ducis
902 1844 1058 1894 essemus
1082 1844 1144 1894 nos
1169 1827 1319 1894 rimatus
1342 1829 1379 1893 et
1403 1829 1550 1893 loannes
1574 1825 1737 1902 ludices,
1763 1826 1799 1890 et
1823 1823 1981 1910 plurima
2015 1841 2161 1889 suorum

303 1998 402 2047 more
434 1979 537 2047 solito
560 1978 837 2046 circumadesset
860 1981 967 2046 turba
991 1979 1160 2057 fldelium,
1177 1982 1250 2067 lpse
1273 1979 1423 2047 domnus
1446 1979 1611 2066 princeps
1635 1987 1671 2046 et
1694 1981 1768 2046 dux
1792 1997 1931 2064 semper
1947 1977 2072 2045 solitus
2088 1980 2165 2064 pla-

305 2133 414 2200 citum
439 2131 504 2200 deo
527 2133 699 2200 exhibere
723 2133 949 2208 famulatum,
975 2138 1011 2199 et
1034 2133 1183 2218 cupidus
1207 2133 1245 2200 in
1270 2135 1404 2200 sanctis
1427 2133 1513 2200 loeis
1537 2133 1581 2200 de
1607 2135 1711 2199 rebus
1745 2132 1819 2198 suis
1853 2131 1953 2207 dare,
1979 2131 2163 2216 perhanc

304 2287 482 2352 cartulam
506 2285 604 2352 dedit
627 2285 665 2352 in
680 2285 868 2351 ecclesiam
893 2285 987 2351 beati
1012 2281 1221 2352 confessoris
1236 2285 1366 2360 felicis,
1385 2304 1454 2372 que
1478 2285 1575 2352 intra
1599 2304 1656 2351 res
1680 2301 1847 2370 suasque
1871 2285 1955 2350 suut
1978 2281 2162 2349 infinibus

308 2443 445 2509 lucanie
468 2441 674 2506 constructa
696 2443 750 2505 est
772 2437 816 2504 de
840 2435 946 2506 terris
968 2439 1042 2506 suis
1065 2440 1339 2525 campestribus,
1364 2443 1503 2506 etcum
1530 2438 1642 2504 vineis
1667 2456 1735 2523 que
1769 2447 1853 2503 sunt
1875 2435 2073 2523 propinque
2096 2434 2165 2520 ipsi

307 2591 468 2666 ecclesie,
482 2598 519 2658 et
541 2609 587 2657 ex
610 2591 775 2658 omnibus
798 2591 962 2675 partibus
988 2590 1092 2656 terris
1116 2589 1227 2677 ipsius
1250 2591 1453 2668 coniuncte,
1472 2611 1536 2677 per
1561 2610 1746 2658 mensuras
1770 2591 1862 2660 iusto
1878 2609 1984 2679 passu
2008 2589 2163 2658 bominis

309 2747 548 2812 mensuratas.
569 2745 614 2832 :A
639 2746 742 2829 parte
765 2741 961 2808 occidentis
991 2742 1061 2809 tine
1086 2742 1144 2810 via
1168 2747 1204 2810 et
1227 2744 1323 2830 passi
1348 2749 1491 2812 eentum
1516 2745 1711 2830 octoginta.
1749 2747 1779 2810 A
1803 2753 1905 2831 parte
1930 2743 2078 2810 meridie
2111 2747 2167 2810 est

306 2899 398 2974 linis,
424 2897 517 2964 sicut
540 2897 766 2984 aliquantum
791 2895 1007 2963 vallitellurn
1032 2896 1216 2984 discernit,
1240 2901 1275 2964 et
1297 2899 1393 2984 passi
1417 2905 1586 2966 centum:
1614 2902 1642 2964 A
1667 2902 1770 2985 parte
1793 2899 1943 2966 orientis
1966 2902 2051 2964 sunt
2074 2897 2169 2982 passi

310 3057 452 3118 centurn
477 3051 660 3137 octoginta
683 3055 718 3116 et
742 3051 893 3118 revolvit
916 3049 954 3116 in
977 3050 1091 3134 ipsam
1115 3039 1254 3137 partem
1276 3053 1424 3121 orientis
1448 3072 1512 3139 per
1536 3054 1713 3120 vallonem
1736 3052 1832 3138 passi
1856 3051 2101 3138 septuaginta,
2127 3054 2166 3118 et

306 3204 459 3274 revolvit
482 3205 519 3272 in
543 3208 645 3290 parte
668 3203 933 3289 septemtrionis
957 3205 1052 3290 passi
1075 3205 1259 3292 octoginta
1281 3227 1359 3284 sem
1385 3211 1431 3276 ab
1454 3209 1533 3294 ipsa
1556 3211 1660 3294 parte
1674 3207 1939 3295 septemtrionis
1956 3203 2048 3282 linis,
2074 3205 2170 3272 siout

308 3359 535 3446 aliquantum
561 3359 702 3425 vallone
725 3357 899 3424 discernit
922 3362 959 3426 et
980 3359 1077 3445 passi
1093 3359 1237 3427 ducenti
1255 3359 1409 3446 triginta
1432 3379 1511 3427 cum
1535 3360 1698 3428 omnibus
1729 3377 1798 3445 que
1822 3359 1920 3426 intra
1936 3359 2033 3445 ipsas
2049 3361 2169 3424 terras

307 3517 392 3581 sunt
415 3513 623 3599 cunctisque
646 3530 770 3579 earum
794 3512 1034 3597 pertinentiis,
1052 3517 1089 3581 et
1111 3534 1191 3582 curn
1217 3515 1293 3582 vice
1317 3516 1360 3582 de
1384 3515 1462 3600 ipsa
1487 3514 1558 3581 via:
1576 3533 1619 3582 ea
1643 3517 1795 3590 ratione,
1811 3517 1850 3581 ut
1873 3531 2012 3599 semper
2035 3511 2170 3580 sintin

311 3669 483 3752 potestate
507 3664 691 3732 custodum
715 3664 826 3750 ipsius
850 3665 1033 3743 ecclesiae,
1059 3670 1096 3733 et
1118 3665 1204 3752 ipsis
1220 3666 1329 3734 terris
1353 3670 1515 3744 utantur,
1533 3667 1701 3735 fruantur
1717 3669 1753 3732 et
1776 3665 1819 3734 de
1844 3664 2030 3732 usufructu
2047 3682 2169 3730 earum

311 3818 448 3886 faciant
471 3817 563 3903 quod
587 3817 779 3884 voluerint:
804 3821 841 3882 et
864 3815 940 3902 ipse
964 3816 1113 3886 domnus
1136 3817 1302 3905 princeps
1325 3821 1362 3886 et
1385 3819 1460 3888 dux
1483 3821 1658 3908 obligavit
1680 3839 1718 3887 se
1741 3824 1778 3887 et
1799 3837 1880 3886 suos
1903 3817 2051 3886 heredes
2080 3837 2171 3886 sem-

310 3989 374 4058 per
397 3971 587 4038 defendere
609 3970 812 4038 custodibus
847 3971 958 4056 ipsius
983 3971 1133 4040 ecclesie
1166 3975 1448 4062 suprascriptam
1471 3975 1651 4044 dationem
1685 3977 1731 4042 ab
1764 3975 1927 4042 omnibus
1950 3933 2169 4050 hominibus,

312 4125 439 4212 quibus
463 4144 527 4212 per
549 4124 643 4211 ipsos
666 4124 833 4192 domnum
856 4123 1011 4210 principi
1034 4126 1071 4191 et
1093 4125 1218 4192 ducem
1241 4130 1279 4192 et
1300 4125 1400 4195 illius
1423 4127 1572 4196 heredes
1596 4123 1684 4195 illud
1720 4129 1777 4195 vel
1802 4145 1848 4195 ex
1878 4126 1954 4214 ipso
1978 4126 2169 4214 quomodo

312 4273 462 4366 cumque
485 4279 609 4346 datum
633 4283 697 4346 aut
719 4277 919 4365 obligatum
955 4280 1020 4345 aut
1042 4276 1240 4346 alienatum
1263 4284 1439 4366 paruerit,
1464 4283 1501 4348 et
1523 4282 1585 4368 qui
1607 4301 1671 4368 per
1695 4279 1841 4349 illorum
1879 4285 1983 4367 parte
2023 4282 2060 4348 et
2083 4280 2167 4347 dato

312 4450 553 4520 quascumque
576 4431 800 4500 causationes
822 4431 866 4498 de
889 4449 930 4499 eo
953 4431 1039 4518 ipsis
1062 4433 1265 4501 custodibus
1290 4435 1457 4502 iamdicte
1480 4435 1630 4502 ecclesie
1653 4436 1916 4523 proposuerint.
1943 4437 1987 4502 ut
2008 4434 2052 4512 si,
2078 4434 2173 4500 sicut

316 4588 480 4675 superius
503 4588 675 4675 scriplum
699 4592 765 4664 est,
790 4588 865 4673 ipse
889 4587 1037 4655 domnus
1060 4587 1227 4675 princeps
1251 4591 1288 4655 et
1311 4588 1384 4655 dux
1407 4592 1445 4656 et
1467 4591 1544 4656 eius
1569 4589 1717 4656 heredes
1742 4589 1827 4674 ipsis
1850 4588 2056 4656 custodibus
2079 4587 2170 4654 iarn·

314 4741 410 4809 dicte
433 4741 582 4808 ecclesie
606 4760 675 4808 non
699 4741 989 4824 adimpleverint,
1014 4745 1052 4807 et
1073 4743 1319 4828 suprascripta
1342 4745 1399 4809 vel
1424 4763 1469 4810 ex
1493 4744 1546 4811 eis
1570 4744 1760 4831 quiequam
1798 4761 1979 4810 removere
2003 4746 2067 4809 aut
2090 4760 2174 4808 eon-

314 4896 493 4964 tradicere
517 4895 810 4982 presumpserint,
826 4891 1001 4980 obligavit
1023 4913 1060 4962 se
1083 4899 1121 4962 et
1143 4916 1224 4964 suos
1247 4897 1396 4964 heredes
1419 4917 1630 4996 componere
1654 4897 1857 4966 custodibus
1887 4898 1998 4986 ipsius
2021 4896 2174 4964 ecclesie

314 5049 484 5118 ducentos
508 5049 589 5117 auri
612 5048 742 5117 solidos
765 5049 1022 5116 constantinos.
1041 5051 1085 5116 Et
1100 5049 1189 5118 duas
1212 5051 1373 5118 cartulas
1397 5052 1499 5119 unius
1524 5051 1668 5128 tenoris,
1687 5054 1779 5120 lianc
1804 5071 1911 5138 quani
1937 5051 2003 5138 ipsi
2019 5050 2175 5118 ecclesie

316 5203 435 5271 omisit
459 5204 670 5282 etalteram
696 5223 803 5290 quam
828 5203 903 5290 ipse
927 5203 1077 5272 domnus
1100 5201 1266 5290 princeps
1300 5205 1448 5282 retinet,
1485 5211 1518 5273 te
1544 5207 1762 5274 romoaldum
1802 5207 1982 5274 notarium
2017 5205 2175 5273 scrivere

317 5357 552 5443 precepimus,
575 5357 637 5445 qui
660 5357 867 5426 interfuisti.

358 5510 385 5602 †
411 5515 484 5599 ligo
509 5511 571 5598 qui
596 5529 707 5598 supra
730 5515 872 5580 amatus
897 5514 1005 5581 ludex
1099 5579 1101 5586 ,

360 5664 386 5756 †
411 5669 485 5752 Ego
510 5667 570 5753 qui
595 5685 707 5752 supra
732 5668 905 5734 lohannes
928 5667 1047 5735 iudex.
