5372 7106
1045 599 1127 680 DE
1170 603 1548 686 LAPIDIBUS
2122 621 2173 695 29

614 797 765 864 comen
789 799 993 866 onvnusn
1279 799 1286 893 Ι
1329 811 1452 895 aare.
1479 810 1740 880 nuornmun
1765 815 1827 880 nx
1851 814 2000 882 oonrcu
2023 816 2212 883 onvnusr

1697 954 1723 1020 s.
1753 955 1828 1022 191.

395 1221 1261 1316 Lapisepheignation.Epheignationlapisseul-
1347 1226 1459 1312 Lupis
1483 1228 1763 1314 preipnatioa.
1790 1231 1929 1320 Sculpis
1949 1235 2109 1320 gladium
2125 1237 2221 1320 (Ood.

344 1369 407 1452 pis
431 1365 611 1451 gradium.
637 1368 674 1432 et
697 1384 798 1432 avem
834 1363 926 1432 idest
953 1385 1086 1452 upupa.
1121 1369 1158 1434 et
1179 1387 1261 1455 sup-
1301 1362 1479 1446 gradium.
1503 1368 1813 1453 fort.glaucium)
1829 1376 1996 1449 starem,
2015 1371 2051 1439 id
2067 1375 2223 1460 estupu·

338 1492 451 1579 pedes
474 1493 551 1561 eius
574 1495 706 1580 piscem
727 1495 910 1580 glaucium
936 1497 999 1580 (l).
1014 1499 1051 1564 et
1073 1498 1259 1566 oculoseo-
1301 1525 1404 1590 pam,
1429 1510 1466 1575 et
1489 1511 1555 1577 sub
1578 1509 1684 1596 pedes
1723 1511 1802 1598 ejus
1826 1513 1956 1601 piscem
1982 1517 2162 1601 glaucium
2185 1516 2223 1581 et

336 1653 416 1700 rum
441 1635 652 1704 animalium
677 1636 815 1704 dextris
838 1637 1002 1712 sublatis,
1029 1637 1120 1706 idest
1143 1637 1255 1706 tultis.
1300 1647 1418 1713 oculos
1443 1647 1522 1736 (lep.
1548 1649 1676 1732 oculis)
1700 1669 1823 1719 eorum
1847 1654 2059 1722 animalium
2083 1655 2222 1722 dextris

341 1779 379 1844 et
403 1776 545 1844 include
568 1797 648 1844 eum
666 1777 704 1843 in
721 1796 821 1844 auro.
837 1781 873 1844 et
888 1777 1070 1844 munditer
1081 1780 1254 1864 gestatus.
1300 1788 1463 1865 sublatis,
1490 1788 1526 1855 id
1550 1771 1604 1856 es't
1628 1791 1731 1859 tultis
1758 1794 1824 1876 (sic
1848 1795 1925 1860 cod.
1952 1795 2085 1879 ploce).
2111 1798 2147 1861 et
2171 1797 2224 1862 in·

339 1914 439 1980 Facit
455 1915 557 2000 quasi
573 1917 612 1982 in
628 1915 784 1983 tenebris
808 1915 988 1983 terribilia
1012 1915 1175 1983 demonia
1196 1935 1257 2004 ap-
1298 1925 1402 1993 clude
1425 1946 1506 1994 eum
1530 1927 1569 1995 in
1594 1947 1696 2008 auro,
1717 1935 1753 1997 et
1779 1931 1960 1999 munditer
1983 1936 2155 2018 gestatus,
2172 1933 2225 1999 fa-

338 2055 440 2140 paret
463 2054 559 2122 inter
589 2056 662 2123 diu.
697 2056 731 2123 Si
764 2059 884 2124 autem
916 2056 1085 2144 quicquid
1120 2055 1256 2125 dixerit
1300 2070 1350 2138 cit
1374 2071 1477 2158 quasi
1500 2071 1538 2140 in
1563 2075 1720 2142 tenebris
1755 2077 1933 2146 terribilia
1960 2078 2137 2145 daemonia
2158 2095 2221 2164 ap·

332 2196 497 2264 creditur
513 2197 640 2265 eidem.
661 2199 700 2265 ln
716 2197 963 2266 dormitionem
989 2202 1109 2267 autem
1130 2199 1159 2266 si
1177 2199 1254 2286 quis
1299 2225 1427 2291 parere
1444 2209 1534 2291 (cod.
1553 2212 1717 2295 apparet)
1734 2209 1904 2278 interdiu.
1922 2211 1955 2277 Si
1978 2213 2097 2278 autem
2122 2211 2219 2298 quie-

335 2361 418 2412 usus
441 2343 550 2411 suerit
572 2361 666 2410 eum.
693 2345 818 2431 aliqua
852 2346 1070 2414 fantasmata
1093 2366 1179 2417 vera
1203 2353 1255 2419 vi·
1297 2339 1384 2426 quid
1407 2340 1555 2419 dixerit,
1582 2341 1743 2411 creditur
1766 2345 1893 2414 eidem.
1914 2348 1953 2412 ln
1968 2345 2214 2413 dormitionem

332 2485 445 2553 debit,
471 2489 574 2553 nocte
598 2505 678 2552 eum
703 2506 770 2554 non
796 2479 920 2555 utefj&
1297 2481 1417 2540 autem
1433 2473 1464 2540 si
1488 2475 1567 2561 quis
1585 2493 1669 2542 usus
1693 2477 1803 2544 fuerit
1822 2496 1916 2556 eum,
1934 2479 2061 2564 aliqua
2085 2479 2219 2548 fantas-

1296 2617 1395 2680 mata
1418 2634 1504 2682 vera
1528 2616 1671 2684 uidebit.
1701 2619 1809 2686 Nocte
1834 2637 1914 2686 eum
1938 2639 2009 2686 non
2033 2620 2157 2688 uteris.

377 2769 480 2858 Lapis
497 2773 541 2840 de
557 2773 641 2841 nido
657 2773 733 2840 avis
757 2792 887 2860 upupe.
906 2776 954 2840 De
970 2773 1056 2842 nido
1070 2776 1148 2844 avis
1164 2797 1252 2865 upu-
1337 2770 1448 2855 Lapis
1470 2771 1515 2837 de
1538 2773 1623 2838 nido
1646 2773 1724 2839 avis
1756 2790 1914 2857 upupae·
1949 2773 1995 2837 De
2031 2771 2115 2839 nido
2138 2773 2215 2840 avis

333 2930 377 2997 ps
392 2881 599 2998 lapis'sunt
622 2915 696 2980 tres
719 2913 836 3000 lapilli
862 2919 899 2984 in
915 2916 999 2983 nido
1016 2917 1093 3002 ejus
1115 2922 1151 2986 et
1167 2939 1251 3007 que·
1294 2925 1434 2994 upupae
1457 2909 1574 2994 lapis;
1600 2911 1685 2975 sunt
1709 2911 1782 2975 tres
1806 2907 1927 2995 1apilu
1951 2911 1989 2975 in
2013 2910 2094 2977 uide
2116 2910 2212 2996 ejus,

335 3049 385 3115 ris
408 3067 478 3116 eos.
505 3050 541 3115 et
563 3051 594 3115 si
618 3051 711 3116 scire
747 3052 902 3119 volueris
925 3053 968 3120 de
992 3055 1136 3124 homine
1158 3060 1249 3146 quod
1292 3059 1329 3117 et
1352 3053 1496 3138 quaeris
1519 3071 1590 3128 eos,
1607 3057 1645 3120 et
1660 3053 1691 3120 si
1707 3053 1799 3120 scire
1825 3052 1981 3119 volueris
2004 3051 2047 3118 de
2071 3054 2212 3120 homine

325 3187 497 3252 absconse
521 3185 572 3268 (2)
602 3185 741 3252 locutus
764 3188 878 3255 estet
904 3189 1115 3274 cogitaverit
1136 3193 1249 3280 evigi-
1292 3187 1384 3274 quod
1408 3192 1579 3256 absconsa
1602 3189 1741 3256 locutus
1766 3191 1832 3266 est,
1858 3191 1896 3256 et
1919 3190 2133 3276 cogitaverit
2148 3195 2213 3258 aut

328 3323 419 3390 lans.
445 3322 636 3391 dormienti
652 3327 775 3392 subter
798 3331 903 3412 caput
924 3330 1080 3414 ponitur.
1100 3335 1136 3400 et
1151 3337 1249 3422 quic-
1291 3321 1430 3389 10011l¹1⁸
1454 3325 1508 3389 est
1532 3325 1742 3389 ab800¹l⁸¹1ffl
1760 3324 1823 3389 aul
1839 3318 1874 3388 ln
1891 3322 2020 3408 palam,
2047 3324 2212 3409 minetur

325 3460 409 3546 qum
435 3461 588 3547 vigilans
614 3461 664 3545 (3)
689 3461 914 3546 cogitaverit.
946 3467 1009 3530 aut
1031 3467 1170 3534 nouus
1193 3471 1248 3536 est
1289 3457 1356 3526 tibi
1383 3459 1472 3544 leod·
1500 3459 1564 3542 ibi)
1588 3477 1653 3546 per
1677 3461 1866 3525 somnium·
1882 3463 1976 3525 Haec
1994 3458 2083 3541 (cod-
2101 3459 2209 3539 hanc)

324 3605 534 3672 absconsum
558 3605 684 3673 autin
707 3605 840 3691 palam.
865 3605 1026 3692 loquitur
1048 3607 1098 3675 ibi
1115 3612 1165 3693 (4)
1182 3627 1246 3696 per
1288 3601 1407 3666 autem
1432 3601 1509 3668 avis
1532 3600 1762 3686 spurcissima
1778 3602 1844 3675 est,
1863 3602 1899 3664 et
1914 3602 2074 3666 stercora
2097 3599 2209 3665 homi-

324 3741 514 3810 somnium.
541 3749 640 3810 Hanc
664 3747 783 3812 autem
808 3745 884 3813 avis
919 3748 1149 3832 spurcissima
1175 3754 1241 3818 est.
1286 3767 1370 3816 num
1394 3746 1586 3813 desiderat.
1613 3747 1675 3811 Est
1699 3747 1816 3811 autem
1841 3743 1968 3818 tristis,
1993 3742 2208 3810 extantibus

321 3883 359 3946 et
382 3887 541 3950 stercora
564 3885 723 3952 humana
746 3884 937 3954 desiderat.
961 3890 1023 3956 Est
1045 3893 1165 3958 autem
1182 3889 1245 3960 tri·
1285 3885 1441 3971 galeata,
1455 3901 1594 3967 semper
1610 3879 2066 3966 insepulcris,ethumana
2080 3881 2206 3964 (inter)

318 4020 386 4088 stis
410 4021 615 4088 extantibus
649 4021 796 4106 galeata
824 4039 964 4109 semper
992 4023 1031 4091 in
1054 4027 1240 4113 sepulcris.
1285 4031 1442 4096 stercora
1464 4043 1698 4092 commorans.
1732 4025 1838 4091 Cuius
1870 4024 2082 4110 sanguinem
2112 4023 2208 4110 quis·

326 4173 363 4238 et
385 4173 541 4240 humana
575 4174 735 4241 stercora
768 4193 1004 4246 commorans,
1036 4180 1143 4266 cnjus
1165 4201 1243 4250 san.
1285 4167 1365 4255 quis
1381 4184 1420 4233 se
1443 4161 1655 4240 inuucserit,
1683 4161 1876 4229 dormitum
1893 4181 2044 4248 pergens
2067 4162 2208 4230 daemo-

318 4305 466 4390 guinem
490 4308 651 4396 quisquis
666 4327 703 4377 se
718 4309 938 4380 inumeris
955 4314 1146 4382 dormitum
1162 4335 1242 4402 per.
1285 4322 1350 4372 nes
1373 4303 1586 4370 suffocantes
1609 4317 1647 4368 se
1680 4298 1827 4366 videbit:
1854 4303 1891 4364 et
1914 4299 1944 4365 si
1969 4300 2106 4366 viventi
2129 4319 2207 4368 cor·

323 4469 425 4536 gens.
451 4450 617 4519 demones
640 4453 854 4520 suffocantes
877 4471 914 4520 se
932 4453 1077 4522 videbit.
1095 4455 1176 4522 etsi
1191 4454 1242 4520 vi·
1286 4452 1426 4522 tuleris.
1458 4453 1493 4516 et
1515 4445 1707 4517 dormienti
1731 4444 1875 4512 mulieri
1898 4463 2005 4530 super
2028 4444 2202 4530 pectinem

334 5006 701 5022 *—

359 5289 407 5370 (1)
429 5289 474 5350 Lu
494 5307 570 5350 voce
591 5287 743 5366 plaucius
764 5301 826 5346 non
847 5283 963 5352 esiste.
986 5299 1038 5342 ma
1058 5281 1202 5360 glaucus.
1225 5282 1262 5343 V.
1285 5280 1468 5350 Forcellini‚
1494 5305 1507 5338 ι
1530 5280 1631 5341 Piscis
1659 5297 1771 5357 genus.
1798 5323 1805 5339 .
1831 5321 1838 5340 .
1865 5322 1871 5337 .
1896 5277 2006 5338 Dictus
2027 5280 2170 5338 auclore

313 5437 456 5499 Glaucus
479 5457 507 5494 ι.

355 5579 404 5662 (2)
425 5578 485 5642 Nol
505 5598 537 5640 n.
561 5599 590 5641 c.
613 5580 766 5640 absconse
787 5578 805 5637 e
826 5575 936 5638 scritto
957 5593 1019 5636 non
1041 5573 1207 5635 absconso.

354 5725 404 5806 (3)
428 5725 489 5798 Qui
511 5724 533 5787 il
555 5723 646 5786 Pitra
666 5722 764 5784 omisa
786 5725 868 5781 tutto
889 5719 911 5781 il
932 5739 1037 5800 penzo,
1060 5718 1118 5779 che
1140 5717 1167 5779 si
1189 5717 1281 5795 legge
1303 5715 1356 5776 nel
1378 5734 1410 5776 n.
1428 5733 1455 5775 c.
1471 5719 1522 5775 tra
1543 5713 1565 5774 il
1579 5715 1682 5795 primo
1703 5713 1743 5775 ed
1764 5713 1786 5774 il
1810 5712 1947 5774 secondo
1962 5712 2165 5789 copitauerit.

352 5871 402 5954 (l)
426 5871 453 5932 ll
475 5891 507 5934 n.
531 5889 559 5933 c.
583 5870 686 5932 scrius
708 5869 766 5938 ibt·
789 5887 806 5929 e
828 5867 857 5928 ci
879 5865 1007 5928 sembra
1029 5865 1084 5946 piu
1105 5861 1244 5924 adattuto
1267 5861 1317 5924 del
1335 5819 1414 5932 tibi,
1437 5860 1574 5922 secondo
1596 5861 1627 5920 la
1649 5859 1769 5922 lezioue
1791 5857 1843 5919 del
1865 5857 1901 5918 P.
