5454 7104
617 509 661 581 82
1247 503 1426 580 CODEX
1470 505 1735 580 ostensis

568 705 792 789 borganeum
819 705 946 770 bonum
971 702 1166 769 studiatum
1190 705 1226 770 et
1248 705 1461 780 comiatum,
1480 706 1516 770 et
1540 705 1613 788 ipse
1637 703 1801 774 abellane
1824 705 1933 771 deant
1955 707 1987 770 ei
2010 721 2108 771 secce
2133 705 2233 770 bone.
2248 705 2284 768 et
2309 704 2422 788 ipsum

567 859 713 922 missum
738 859 774 922 et
796 873 925 943 equum
949 873 1053 922 suurn
1078 857 1272 932 nutricant,
1291 855 1337 922 nd
1363 857 1495 922 iustum
1522 858 1644 934 suerit,
1670 861 1707 924 et
1730 859 2022 944 palmentaticum
2047 859 2079 922 ei
2105 857 2224 932 deant,
2242 859 2335 923 sicut
2352 877 2423 922 mr-

569 1013 696 1086 rucrit;
722 1013 759 1077 et
780 1012 901 1078 omnia
924 1011 1061 1077 iaciant
1083 1009 1128 1077 ad
1153 1011 1291 1096 partem
1317 1012 1426 1096 ipsius
1451 1010 1673 1088 monasterii,
1694 1010 1853 1097 qualiter
1876 1009 2013 1077 faciunt
2036 1011 2100 1076 alii
2126 1009 2341 1086 hominibus,
2360 1013 2421 1096 qui

568 1170 730 1236 retinunt
753 1169 796 1236 de
822 1169 898 1252 ipsa
922 1169 1053 1244 rebuS,
1090 1169 1126 1232 et
1149 1168 1244 1232 omni
1271 1169 1429 1251 tempore
1453 1163 1572 1232 licead
1597 1183 1682 1250 pars
1706 1164 1942 1251 suprascripti
1977 1167 2184 1232 monasterii
2216 1167 2424 1250 perquirere

567 1327 646 1408 ipsa
671 1324 787 1398 rebus;
813 1325 849 1388 et
871 1322 900 1387 si
924 1341 995 1388 non
1018 1321 1111 1387 esset
1134 1320 1226 1384 bona
1251 1318 1423 1404 hoperata
1446 1320 1483 1383 et
1505 1320 1710 1405 pastenata,
1736 1319 1851 1386 licead
1876 1319 1957 1387 inde
1982 1323 2185 1404 pignerare,
2203 1321 2239 1385 et
2261 1321 2326 1385 toti
2355 1318 2419 1404 ipsi

568 1474 809 1562 prenominati
833 1477 870 1540 et
894 1474 1038 1540 illorum
1061 1471 1227 1540 eredibus
1252 1471 1335 1538 inde
1358 1472 1575 1558 distringere
1600 1491 1712 1560 usque
1735 1473 1780 1540 ad
1796 1473 1926 1558 legem,
1959 1475 2045 1559 quia
2067 1475 2118 1538 sic
2142 1475 2307 1540 convenit
2331 1473 2424 1538 inter

566 1650 656 1708 n0s3
682 1633 718 1696 et
741 1628 883 1718 quando
909 1631 985 1714 ipsa
1009 1627 1202 1695 traditione
1227 1630 1350 1695 tenere
1373 1631 1584 1706 noluerint,
1622 1630 1732 1696 liceat
1754 1630 1806 1695 eis
1831 1629 1912 1695 inde
1935 1627 2037 1695 exire
2061 1647 2141 1694 cnm
2165 1645 2274 1694 causa
2296 1645 2419 1693 eorum

569 1780 661 1867 quod
685 1780 817 1847 iustum
842 1779 973 1852 suerit,
999 1782 1035 1846 et
1059 1780 1185 1847 inclita
1208 1783 1285 1868 ipsa
1308 1799 1428 1848 eorum
1454 1781 1647 1850 traditione
1671 1783 1785 1856 salba,
1800 1783 1836 1847 et
1859 1783 2020 1856 clusa,et
2043 1782 2244 1867 pastenata,
2258 1783 2294 1846 01
2317 1782 2425 1865 liope-

569 1935 652 2002 rata
675 1932 860 2018 assignent
883 1932 929 2000 ad
942 1951 1026 2019 pars
1050 1935 1162 2018 ipsius
1177 1934 1399 2001 monasterii.
1426 1934 1525 2000 Unde
1550 1937 1588 2000 in
1611 1953 1652 2000 00
1677 1933 1792 2001 tinore
1808 1952 1873 2019 per
1888 1931 2137 2000 convenientia
2151 1931 2320 2018 guadiam
2335 1933 2421 1998 mibi

564 2088 739 2155 dederunt
763 2061 830 2173 ipsi
853 2086 1086 2174 suprascripti
1111 2087 1215 2163 falco,
1230 2089 1266 2152 01
1291 2106 1406 2164 ursus,
1430 2089 1467 2154 et
1490 2053 1707 2172 radipertus,
1726 2089 1762 2153 et
1785 2089 1919 2174 petrus,
1945 2083 2018 2173 ipse
2043 2104 2146 2152 ursus
2169 2104 2234 2172 pro
2257 2090 2334 2152 vioe
2357 2105 2421 2153 sua

564 2243 666 2310 etde
692 2245 757 2330 ipsi
781 2241 946 2328 germani
969 2245 1053 2319 sui,
1090 2245 1127 2307 et
1149 2241 1390 2308 fideiussorem
1414 2243 1503 2308 mihi
1530 2243 1726 2328 posuerunt
1748 2260 1785 2307 se
1810 2243 1902 2327 ipsos
1933 2261 1997 2328 per
2021 2240 2278 2308 absolutionem
2302 2243 2345 2309 de
2368 2261 2422 2308 se-

564 2400 725 2466 nioribus
748 2414 897 2472 eorum3
922 2398 959 2462 et
982 2415 1046 2482 per
1070 2397 1183 2481 ipsam
1208 2396 1376 2481 guadiam
1400 2399 1469 2462 etc:
1496 2397 1644 2464 Statana
1669 2397 1805 2464 01111010
1829 2398 1987 2481 triginta
2010 2399 2098 2464 ciart
2121 2397 2319 2464 solidorum
2341 2415 2423 2463 con-

564 2550 892 2618 stsaatinionomna.
920 2547 1011 2634 quod
1036 2547 1164 2632 scripsi
1188 2565 1254 2632 ego
1279 2547 1450 2614 iohannes
1474 2549 1605 2616 scriba.

612 2703 638 2792 †
663 2705 738 2790 Ego
762 2705 884 2789 petrus
909 2703 1070 2768 notarius
1095 2677 1152 2766 me
1175 2671 1381 2786 subscripsi.

613 2857 640 2948 †
664 2861 740 2943 Ego
765 2858 938 2924 Iohannes
962 2857 1126 2922 notarius
1150 2873 1206 2920 me
1229 2854 1433 2942 subscripsi,

1384 3375 1616 3458 MCVIII

1346 3691 1406 3765 A.
1434 3688 1491 3763 D.
1520 3687 1645 3764 1048

609 3915 635 4005 †
661 3917 700 3980 In
724 3916 867 3982 nomine
890 3917 1022 3984 domini
1049 3921 1228 3988 tricesimo
1253 3923 1367 4007 primo
1391 3941 1484 3990 anno
1509 3923 1738 4010 principatus
1772 3923 1891 3991 domni
1916 3925 2029 3992 nostri
2054 3927 2249 4010 guaimarii
2275 3927 2421 4014 gloriosi

571 4069 756 4156 principis,
782 4074 818 4136 et
840 4071 976 4139 decimo
999 4091 1093 4142 anno
1116 4075 1266 4142 ducatus
1290 4076 1389 4144 illius
1413 4077 1533 4144 amalfi
1557 4081 1593 4145 01
1619 4078 1781 4157 sirrenti,
1799 4083 1836 4148 et
1858 4084 2009 4168 septimo
2031 4100 2125 4148 anno
2148 4082 2370 4169 principatus
2386 4087 2422 4150 et

565 4222 716 4292 ducatus
732 4225 849 4292 domni
865 4226 982 4312 gisolfi
997 4229 1122 4295 eximii
1138 4230 1312 4317 principis
1328 4235 1364 4299 et
1379 4233 1478 4300 ducis
1493 4234 1560 4300 dlii
1577 4233 1665 4311 eius,
1687 4255 1807 4303 mense
1824 4237 2022 4312 december,
2037 4237 2196 4304 secunda
2215 4237 2420 4305 indictione:

564 4381 854 4446 memoratorium
887 4382 1020 4448 sactum
1046 4403 1067 4449 a
1092 4403 1147 4449 me
1171 4383 1345 4454 iohannes
1370 4387 1587 4454 venerabilis
1619 4390 1729 4456 abbas
1752 4407 1797 4455 ex
1833 4391 2039 4456 monasterii
2074 4393 2196 4458 sancte
2220 4391 2326 4468 sede,
2352 4409 2420 4478 que

567 4535 639 4599 sita
662 4535 716 4599 est
740 4537 836 4601 intus
859 4535 954 4603 cives
969 4539 1127 4614 salerni,
1146 4557 1186 4606 00
1211 4540 1303 4627 quod
1326 4543 1410 4606 ante
1434 4541 1645 4628 subscriptis
1670 4542 1807 4610 idoneis
1830 4542 1965 4609 omines
1986 4562 2051 4630 per
2066 4545 2326 4613 combenientia
2349 4551 2423 4614 tra-

567 4687 659 4754 didit
675 4689 767 4754 mari
782 4689 848 4756 dlii
872 4692 1050 4777 quondam
1067 4694 1209 4772 sellicti,
1236 4699 1270 4761 et
1293 4695 1448 4782 iaquinti
1471 4696 1538 4764 tilii
1561 4697 1725 4776 iohanni,
1744 4701 1778 4764 et
1795 4699 1938 4766 mulieri
1956 4703 2096 4768 nomine
2112 4705 2279 4772 marcida
2295 4708 2422 4776 relicta

566 4841 747 4927 quondam
770 4847 862 4930 petri
888 4847 1025 4924 clerici,
1052 4849 1112 4935 qui
1137 4855 1191 4918 est
1213 4856 1410 4938 congnatus
1434 4855 1544 4939 ipsius
1567 4861 1686 4933 mari,
1712 4862 1749 4927 et
1771 4880 1894 4928 socera
1918 4861 2029 4946 ipsius
2053 4861 2229 4947 iaquinti,
2255 4862 2423 4949 quisunt

568 4996 738 5063 abitatori
755 4998 798 5065 de
822 5000 937 5067 locum
955 5007 1111 5082 nucerio,
1132 5006 1209 5072 viee
1225 5007 1335 5094 ipsius
1352 5001 1569 5091 monasterii,
1588 5034 1695 5101 quam
1720 5018 1756 5082 01
1776 5035 1839 5102 pro
1856 5019 1930 5082 vico
1946 5035 2085 5102 gemme
2102 5018 2228 5086 relicta
2243 5019 2420 5105 qnondam

571 5151 740 5234 guaiferii
765 5153 916 5230 comitis,
943 5159 1002 5242 qui
1028 5157 1103 5244 ipso
1128 5162 1342 5228 monasterio
1366 5183 1388 5229 a
1412 5168 1500 5232 nobo
1525 5167 1732 5234 fundamine
1748 5170 1969 5248 construssit,
1984 5173 2020 5236 et
2041 5170 2106 5238 filii
2130 5172 2303 5259 quondam
2320 5172 2422 5256 guai-

567 5304 675 5370 marii
698 5305 836 5372 comitis
852 5309 927 5373 tota
950 5311 986 5374 et
1011 5307 1140 5376 inclita
1157 5313 1313 5380 sortione
1337 5315 1379 5381 de
1402 5318 1517 5384 omnis
1534 5323 1638 5388 rebus
1657 5322 1762 5408 ,quod
1786 5341 1869 5408 pars
1886 5323 2037 5409 predicti
2053 5323 2260 5390 monasterii
2285 5331 2321 5391 et
2344 5327 2421 5412 ipsa

567 5457 730 5542 predicta
752 5479 895 5546 gemma
919 5464 1029 5530 habet
1051 5464 1088 5530 in
1111 5465 1210 5542 locis,
1236 5467 1296 5534 ubi
1320 5473 1399 5536 orta
1423 5473 1459 5537 et
1482 5472 1527 5538 ad
1551 5471 1680 5559 piniilu
1705 5474 1849 5552 dicitur,
1869 5479 1979 5564 ipsius
2003 5477 2094 5544 mari
2119 5477 2247 5546 exinde
2272 5481 2422 5548 tradidlt

566 5609 609 5676 de
632 5610 746 5678 omnis
770 5613 847 5699 ipsa
874 5617 979 5682 rebus
1004 5620 1112 5684 tertia
1137 5623 1241 5705 parte
1276 5625 1312 5688 01
1336 5623 1447 5709 ipsius
1472 5628 1625 5713 iaquinti
1650 5628 1725 5696 alia
1749 5633 1892 5698 tertiam
1917 5637 2079 5719 partem,
2105 5639 2142 5702 et
2165 5637 2323 5722 predicte
2347 5659 2420 5706 ma-

567 5763 666 5830 ralde
690 5767 857 5835 similiter
873 5771 1003 5838 exinde
1028 5775 1138 5840 tertia
1161 5779 1264 5860 parte
1289 5780 1326 5845 in
1349 5799 1390 5844 oo
1413 5779 1550 5858 ordine,
1569 5785 1608 5848 ut
1632 5776 1756 5850 amodo
1779 5789 1816 5852 et
1839 5805 1949 5874 usque
1973 5789 2135 5856 tridecim
2152 5791 2238 5858 anni
2254 5795 2419 5879 completi
