5398 7106
1020 514 1423 592 ulpnulllrluus

1070 815 1353 898 MGCXXI

1057 1063 1118 1138 A.
1144 1061 1202 1137 D.
1231 1063 1357 1140 1056

334 1319 425 1412 †lu
449 1323 590 1393 nomine
613 1323 749 1394 domini
773 1325 1039 1415 quartodecimo
1062 1349 1156 1399 anno
1180 1331 1406 1420 principatus
1430 1333 1550 1401 domni
1575 1333 1688 1402 nostri
1713 1333 1829 1419 gisolfi
1845 1333 1994 1420 gloriosi
2019 1333 2151 1420 princi-

290 1477 405 1562 pibus,
430 1497 551 1547 mense
574 1480 793 1558 februarius,
819 1501 913 1551 nona
936 1483 1142 1552 indictione.
1161 1487 1230 1552 Nos
1255 1487 1476 1555 bernnardus
1500 1494 1535 1556 et
1560 1489 1737 1555 iohannes
1760 1491 1926 1573 germani
1951 1487 2017 1554 filii
2041 1507 2151 1574 quon-

288 1631 370 1698 dam
392 1633 550 1717 garofali
573 1635 617 1702 de
641 1636 717 1704 loco
741 1635 924 1714 iocolani,
966 1639 1010 1706 de
1033 1657 1073 1705 eo
1097 1639 1190 1725 quod
1215 1643 1300 1708 ante
1323 1643 1496 1709 bonorum
1518 1627 1698 1710 ominibus
1725 1645 1763 1708 01
1789 1643 2010 1728 subscriptos
2035 1645 2147 1712 testes

289 1783 471 1853 coniuncti
494 1805 617 1856 sumus
641 1789 687 1856 ad
711 1791 804 1872 bona
828 1791 1091 1860 combenientia
1114 1811 1195 1860 cum
1220 1795 1326 1860 bassu
1350 1793 1424 1860 filio
1450 1794 1631 1880 quondam
1656 1793 1835 1870 nucerini,
1855 1794 1918 1882 qui
1942 1795 2009 1861 suit
2031 1795 2074 1862 de
2098 1797 2149 1862 lo-

287 1951 370 2006 cum
394 1942 552 2018 nucerio,
570 1945 608 2008 et
629 1961 696 2028 per
720 1963 781 2012 nos
798 1947 834 2012 01
849 1943 962 2032 ipsius
985 1945 1079 2012 bassi
1101 1949 1242 2013 ostense
1265 1949 1350 2013 sunt
1373 1947 1516 2015 cartule
1540 1947 1727 2033 quattuor.
1746 1945 1866 2032 prima
1882 1951 1985 2015 00110
1999 1949 2053 2015 001
2068 1967 2148 2016 con·

287 2089 438 2159 tinente:
464 2092 507 2160 de
530 2112 625 2162 anno
649 2095 817 2166 bicesimo
840 2102 934 2167 sesto
958 2099 1182 2186 principatus
1199 2099 1336 2167 salerni
1360 2099 1481 2168 domni
1498 2100 1612 2168 nostri
1635 2099 1846 2186 guaimarii,
1865 2103 1902 2167 et
1925 2105 2027 2167 serto
2052 2119 2145 2168 anuo

288 2243 514 2334 principatus
536 2247 613 2315 eius
637 2269 751 2336 capue
774 2253 923 2338 gloriosi
948 2254 1151 2340 principis,
1176 2256 1214 2320 01
1237 2255 1362 2341 quinto
1387 2273 1482 2321 anno
1505 2254 1657 2322 ducatus
1681 2253 1781 2321 illius
1806 2253 1930 2322 amalfi
1954 2257 1990 2321 et
2013 2255 2147 2320 1111011-

287 2403 377 2479 tum,
403 2421 508 2490 quam
532 2405 569 2470 et
593 2404 702 2473 tertio
726 2426 821 2504 anno
845 2411 1172 2496 suprascriptorum
1188 2409 1455 2495 principatuum
1479 2411 1516 2475 01
1538 2409 1732 2476 ducatuum
1745 2408 1865 2476 domni
1889 2408 2003 2475 nostri
2027 2407 2146 2492 gisulli

287 2543 660 2644 0111011111,0111111110
684 2579 776 2627 anno
800 2560 1026 2646 principatus
1048 2566 1085 2627 et
1108 2560 1260 2628 ducatus
1284 2562 1427 2628 illorum
1451 2561 1572 2649 apulie
1596 2563 1632 2627 01
1656 2563 1830 2637 calabrie,
1850 2579 1969 2628 mense
1994 2561 2142 2638 abrelis,

284 2709 497 2778 duodecima
520 2711 728 2781 indictione.
754 2715 878 2800 petrus
902 2713 996 2780 iilius
1020 2714 1199 2800 quondam
1224 2716 1384 2783 nucerini
1408 2715 1452 2781 de
1476 2716 1594 2782 locum
1619 2715 1768 2781 nucerie
1792 2713 2146 2782 benumdederatsu-
2193 2698 2196 2704 ’

286 2865 489 2952 prascripto
513 2867 699 2952 garoialus
722 2866 879 2952 genitori
903 2868 1024 2935 nostro
1048 2871 1084 2934 et
1108 2871 1212 2935 bessu
1237 2889 1410 2957 germano
1432 2890 1497 2939 suo
1520 2870 1596 2938 dlio
1610 2871 1811 2957 supradicti
1834 2871 1999 2939 nucerini
2016 2870 2146 2939 inclita

196 3114 199 3122 f
283 3019 445 3088 sortione
467 3038 529 3086 sua
552 3020 596 3088 de
620 3019 732 3088 omnis
756 3024 862 3088 rebus
885 3022 952 3088 sua
974 3020 1102 3090 stabile
1126 3025 1164 3091 et
1186 3023 1329 3100 mobile,
1347 3024 1441 3111 quod
1464 3025 1577 3110 ipsius
1600 3025 1696 3112 petri
1720 3025 1789 3092 fuit
1812 3025 2016 3112 pertinente
2036 3027 2143 3092 abere

284 3192 309 3241 0
331 3174 539 3260 supradicto
563 3174 722 3261 genitori
744 3194 808 3243 suo
831 3195 897 3263 per
919 3179 996 3244 tota
1018 3178 1088 3246 dne
1111 3181 1146 3244 et
1168 3179 1387 3264 pertinentia
1409 3180 1453 3247 de
1477 3181 1636 3258 nucerio,
1655 3183 1692 3247 et
1715 3181 1755 3248 in
1778 3182 1894 3248 locum
1920 3183 2089 3257 barbara,
2107 3181 2144 3245 01

284 3327 325 3396 in
348 3315 560 3398 cimmarola
583 3331 703 3398 monte
725 3333 763 3396 et
785 3331 893 3416 plano
916 3333 953 3398 et
974 3332 1132 3400 sortione
1154 3351 1221 3400 sua
1243 3333 1287 3400 (10
1303 3333 1396 3401 casis
1418 3333 1462 3400 de
1486 3335 1584 3401 intus
1599 3335 1787 3402 castellum
1811 3335 1970 3410 nucerie,
1984 3337 2045 3440 'vul
2063 3335 2140 3402 ubi·
2201 3358 2203 3362 ·

283 3482 437 3570 cumque
460 3483 504 3551 de
528 3487 635 3552 rebus
657 3483 813 3576 sortione
847 3503 914 3554 sua
949 3489 1130 3554 imbentus
1155 3485 1298 3555 dederit
1324 3507 1388 3574 per
1419 3486 1600 3554 iamdictis
1624 3488 1712 3555 locis
1735 3488 1905 3556 inclitum
1944 3489 2035 3556 illud
2058 3507 2137 3575 pre-

283 3635 403 3704 dictus
426 3640 615 3724 garolalus
639 3638 804 3723 genitore
839 3642 961 3708 nostro
996 3642 1033 3706 et
1057 3640 1151 3728 bassi
1175 3639 1478 3716 benumdederat3
1503 3641 1646 3707 tantum
1670 3640 1872 3727 sceptuabit
1894 3640 1977 3708 inde
2001 3641 2044 3708 de
2067 3637 2144 3728 ipsa

282 3807 351 3857 sue
373 3791 531 3858 sortione
557 3795 634 3888 ipsa
658 3793 761 3880 pecie
784 3793 831 3862 da
855 3795 1040 3870 Arenola,
1066 3797 1103 3860 et
1125 3793 1216 3860 illud
1241 3792 1300 3861 ubi
1324 3793 1444 3862 fuerat
1467 3792 1690 3870 residentes,
1723 3795 1817 3881 quod
1841 3813 1965 3862 eorum
1990 3815 2062 3863 non
2085 3797 2147 3863 be-'

286 3922 543 4024 numdederat3
581 3967 665 4015 nam
689 3951 811 4018 autem
835 3933 1001 4016 inclitum
1025 3949 1101 4036 ipso
1124 3948 1240 4025 aliut,
1278 3949 1371 4033 quod
1394 3966 1505 4034 supra
1527 3948 1666 4035 legitur
1690 3949 1913 4035 ubicumque
1936 3949 2066 4017 exinde
2089 3950 2144 4017 in-

287 4103 414 4169 bentus
437 4098 578 4167 dederit
601 4101 639 4168 in
655 4096 833 4168 montibus
856 4119 965 4188 quam
987 4103 1024 4167 et
1047 4099 1086 4167 in
1108 4101 1239 4187 planis,
1257 4101 1423 4168 inclitum
1441 4099 1531 4169 illud
1554 4101 1715 4188 ipsorum
1731 4103 1973 4188 prenominati
1998 4105 2143 4178 benum·
2225 4072 2228 4078 ι

287 4243 448 4333 dederat,
473 4254 567 4322 sicut
589 4255 669 4342 ipsa
692 4257 795 4324 00110
818 4254 1037 4333 continebat,
1063 4275 1132 4342 que
1154 4256 1291 4344 scripta
1314 4259 1368 4324 est
1391 4277 1456 4344 per
1479 4259 1717 4345 truppoaldus
1742 4259 1918 4337 notarius,
1936 4263 1973 4328 01
1999 4265 2143 4330 robora-

285 4412 336 4477 ta.
363 4427 429 4495 ego
454 4409 515 4495 qui
539 4405 650 4495 supra
674 4413 825 4497 petrus,
851 4395 918 4496 ego
942 4415 1065 4496 petrus
1089 4411 1253 4478 notarius
1276 4430 1333 4477 me
1355 4412 1565 4497 subscripsi.
1603 4412 1767 4480 Secunda
1793 4417 1898 4481 carta
1921 4415 2140 4484 continebat:

282 4565 327 4630 de
351 4517 446 4631 anno
470 4565 638 4632 bicesimo
663 4565 789 4651 quinto
812 4565 1036 4652 principatus
1058 4564 1194 4632 salerni
1217 4564 1335 4632 domni
1359 4566 1475 4633 nostri
1497 4565 1707 4652 guaimarii,
1733 4572 1771 4636 et
1787 4571 1916 4655 quarto
1941 4589 2034 4637 anno
2060 4569 2145 4638 eius¹

282 4739 410 4806 capue,
428 4723 466 4786 et
489 4721 619 4826 quarto
644 4739 739 4786 anno
763 4719 915 4786 ducatus
938 4720 1015 4786 eius
1038 4721 1159 4787 amald
1181 4723 1219 4788 et
1241 4723 1460 4798 surrentum,
1487 4724 1524 4788 01
1546 4721 1663 4808 primo
1686 4741 1781 4790 anno
1805 4723 2031 4810 principatus
2046 4727 2142 4806 dom-

283 4871 323 4940 ni
347 4873 459 4940 nostri
482 4873 599 4960 gisolfi
623 4873 701 4941 eius
725 4873 800 4940 filio
822 4874 1063 4958 gloriosorum
1101 4875 1425 4963 suprascriptorum
1463 4874 1590 4942 eximii
1629 4877 1785 4964 principi
1810 4881 1846 4943 01
1881 4877 1993 4956 duci,
2031 4900 2140 4968 quam

281 5029 320 5094 01
343 5026 459 5112 primo
483 5046 577 5094 anno
601 5026 755 5096 ducatus
778 5027 926 5095 illorum
951 5027 1083 5114 apulea
1106 5030 1142 5094 01
1164 5027 1336 5105 00101110,
1362 5027 1492 5096 mensis
1531 4999 1726 5108 martius,
1745 5031 1935 5099 undecima
1974 5031 2139 5100 indictio-

281 5198 342 5248 ne.
366 5164 491 5266 petrus
528 5180 623 5246 illius
662 5179 841 5267 quondam
866 5177 1032 5248 nucerini
1057 5153 1336 5248 benumdederat
1358 5185 1482 5268 petrus
1519 5182 1615 5252 iilius
1650 5167 1828 5274 quondam
1851 5184 1976 5271 petri,
2016 5188 2052 5252 et
2076 5206 2142 5254 nu-

279 5335 395 5404 cerini
431 5299 504 5400 fllio
543 5333 719 5419 quondam
759 5332 905 5402 landoni
944 5333 1018 5402 thio
1042 5338 1079 5403 et
1102 5337 1246 5422 nepotes
1284 5335 1415 5403 inclita
1452 5335 1609 5404 sortione
1632 5355 1700 5405 sua
1736 5337 1779 5405 de
1801 5337 1939 5407 duobus
1961 5339 2072 5424 peciis
2095 5341 2139 5408 de

281 5486 406 5562 terra,
432 5503 501 5573 que
524 5488 608 5552 sunt
645 5504 726 5554 cum
750 5485 965 5554 castanieta
988 5488 1025 5552 et
1059 5483 1267 5572 quertieta,
1300 5487 1394 5573 quod
1418 5487 1571 5555 abuerat
1594 5487 1634 5556 in
1671 5488 1749 5556 loco
1774 5489 1954 5568 baniara,
1996 5510 2068 5558 una
2090 5511 2138 5559 ex

283 5637 338 5705 eis
358 5616 460 5724 'pecie
483 5641 537 5706 est
559 5657 581 5706 0
603 5627 712 5725 super
734 5637 814 5724 ipsa
838 5638 1012 5716 cisterna,
1039 5657 1107 5725 que
1131 5639 1201 5706 suit
1223 5637 1335 5726 ipsius
1358 5639 1467 5726 petri,
1491 5642 1529 5708 et
1551 5639 1631 5726 ipsa
1654 5641 1756 5710 helia
1779 5641 1882 5727 peria
1906 5643 1952 5710 da
1975 5644 2018 5709 lu
2044 5645 2140 5712 abal·

282 5789 406 5859 laneta
428 5789 468 5858 in
497 5808 607 5877 supra
641 5791 844 5879 ubicunque
886 5793 1051 5861 iubentus
1074 5793 1213 5861 dederit
1235 5793 1280 5861 de
1301 5793 1381 5881 ipsa
1414 5795 1571 5863 sortione
1608 5813 1701 5873 sua,
1734 5796 1814 5884 ipsa
1835 5797 2010 5865 iamdicta
2033 5793 2142 5884 pecia'
