5454 7104
612 492 677 563 138
1274 489 1449 563 donax
1496 490 1754 564 cavensis

559 689 664 771 patus
688 689 724 751 et
747 685 896 752 ducatus
920 686 1077 772 ipsorum
1103 685 1226 752 domni
1249 685 1363 770 gisolfi
1398 685 1522 753 eximii
1546 685 1717 774 principis
1740 688 1777 754 et
1799 686 1881 754 duci
1904 686 1968 754 filii
1992 688 2088 764 eius,
2115 705 2233 754 mense
2258 687 2410 773 magius,

563 839 672 905 tertia
698 838 904 906 indictione.
932 841 1019 905 Dum
1037 857 1148 906 essem
1172 858 1238 924 ego
1263 841 1386 925 petrus
1409 838 1519 906 iudex
1545 839 1584 906 in
1609 841 1724 906 locum
1742 842 1830 926 aput
1845 841 1975 915 monte,
1995 835 2112 927 ibique
2136 859 2272 908 mecum
2296 843 2415 908 astan-

557 994 651 1060 tibus
675 991 910 1079 suprascripti
935 993 1070 1060 idoneis
1097 993 1274 1060 homines.
1301 1000 1384 1060 ante
1409 997 1531 1060 nostra
1554 993 1736 1080 presentia
1758 1012 1823 1079 per
1846 993 2105 1061 combenientia
2128 995 2307 1062 coniuncti
2329 999 2413 1063 sunt

564 1152 714 1218 domnus
739 1149 892 1216 iohanne
917 1147 1132 1216 venerabilis
1157 1151 1266 1216 abbas
1290 1148 1326 1216 in
1352 1152 1566 1216 monasterio
1589 1152 1711 1216 sancte
1735 1149 1817 1216 solie
1841 1148 2004 1216 deintus
2030 1149 2124 1216 cives
2146 1150 2281 1217 salerni
2304 1153 2414 1237 perti-

561 1308 668 1371 nente
693 1303 767 1390 ipso
791 1304 1006 1368 monastemo
1030 1302 1183 1388 pandolss
1209 1302 1280 1370 tilio
1305 1323 1393 1370 rone
1430 1269 1685 1370 recordationis
1715 1300 1834 1368 domni
1864 1302 2047 1387 'guaimari
2076 1303 2159 1370 olim
2183 1302 2353 1390 principis
2376 1309 2413 1371 et

561 1457 726 1544 germani
750 1457 991 1543 suprascripte
1014 1458 1169 1542 gloriose
1193 1461 1391 1543 potcstatis,
1410 1478 1489 1524 cum
1514 1460 1711 1526 lambertus
1734 1460 1777 1526 de
1794 1458 1937 1525 nuceria
1960 1456 2056 1524 iilius
2079 1457 2256 1542 quondam
2272 1458 2413 1526 lanber-

557 1613 600 1682 ti,
621 1614 680 1697 qui
698 1614 765 1680 tuit
781 1612 961 1688 diaconus,
981 1615 1128 1698 propter
1151 1617 1190 1679 at
1214 1612 1416 1679 faciendum
1442 1614 1547 1678 finem
1566 1613 1641 1700 ipse
1664 1613 1813 1680 domnus
1838 1616 1947 1680 abbas
1963 1633 2043 1680 cum
2059 1631 2140 1678 eum
2156 1613 2198 1678 de
2214 1611 2292 1698 ipsa
2308 1615 2412 1680 rebus

557 1787 640 1835 cum
665 1769 820 1836 arbustis
844 1768 968 1834 vitatis
991 1769 1034 1836 de
1058 1769 1177 1834 locum
1204 1769 1385 1843 turriccle,
1412 1768 1468 1834 ubi
1496 1771 1641 1834 lenzara
1664 1767 1807 1844 dicitur,
1833 1767 2033 1852 pertinente
2055 1765 2166 1852 ipsius
2190 1767 2409 1842 monasterii,

565 1924 658 2009 quod
684 1923 757 2008 ipse
782 1923 965 1989 lanvertus
989 1927 1072 1990 ante
1096 1941 1133 1987 os
1158 1939 1269 1988 annos
1293 1921 1338 1988 ad
1363 1921 1554 1989 tenendum
1570 1925 1606 1987 et
1629 1922 1862 1990 lavorandum
1887 1940 1909 1987 a
1932 1940 2015 2006 pars
2038 1921 2189 2008 predicti
2206 1923 2411 1989 monasterii

560 2077 690 2144 tenuit.
719 2077 815 2144 Unde
839 2077 914 2162 ipse
939 2079 1062 2144 domus
1086 2073 1193 2144 abbas
1217 2077 1369 2152 dicebat,
1390 2077 1428 2143 ut
1445 2078 1518 2162 ipse
1544 2053 1730 2144 lanbertus
1751 2078 1825 2143 tota
1848 2077 2010 2162 predicta
2034 2079 2150 2152 rebus,
2176 2077 2268 2162 quod
2292 2094 2412 2161 apars

566 2232 730 2318 prephati
755 2231 961 2298 monasterii
987 2233 1143 2304 tenebat,
1162 2251 1231 2296 non
1249 2231 1352 2298 illam
1377 2232 1556 2298 inveniret
1571 2233 1770 2299 lavoratam
1787 2235 1823 2297 et
1838 2233 2024 2306 cultatem,
2049 2230 2142 2298 sicut
2157 2233 2341 2307 meruerit,
2359 2235 2413 2298 set

561 2391 636 2452 tota
661 2390 753 2452 esset
775 2386 928 2461 deserta,
947 2389 983 2451 et
1000 2385 1209 2452 remitderet
1232 2383 1306 2470 ipsc
1331 2383 1521 2451 iamdictus
1546 2387 1741 2452 lambertus
1758 2387 1833 2451 tota
1856 2385 1933 2470 ipsa
1958 2388 2063 2452 rebus
2086 2386 2131 2452 ad
2154 2404 2237 2472 pars
2261 2384 2411 2470 predicti

565 2541 783 2618 manasterii,
811 2544 850 2606 ut
874 2561 944 2607 non
968 2544 1092 2608 aberet
1116 2541 1196 2606 inde
1221 2544 1418 2625 peccatum,
1445 2557 1510 2606 nec
1534 2541 1626 2606 esset
1649 2538 1729 2606 inde
1755 2538 1878 2625 aliqua
1901 2537 2156 2605 damnietatem
2181 2556 2203 2604 a
2227 2555 2310 2622 pars
2333 2555 2412 2623 pre-

558 2694 645 2761 dicti
670 2697 886 2763 monasterii.
914 2699 990 2782 Ipse
1014 2695 1204 2763 iamdictus
1229 2697 1424 2762 lampertus
1451 2699 1573 2762 taliter
1590 2694 1703 2780 ipsum
1721 2693 1869 2758 domnus
1893 2693 2057 2757 abbatem
2082 2690 2217 2758 audivit
2239 2689 2408 2765 dicentes

563 2849 657 2915 dixit
681 2869 752 2916 non
776 2849 947 2935 potuisset
969 2851 1048 2935 ipsa
1074 2818 1404 2922 retais'remitdere,
1431 2869 1494 2934 pro
1519 2839 1590 2934 qua
1614 2847 1695 2914 inde
1720 2850 1854 2914 maiore
1877 2847 2062 2912 serbitium
2080 2866 2101 2912 a
2117 2865 2200 2930 pars
2216 2843 2324 2929 ipsius
2340 2863 2412 2909 mo

556 3003 706 3069 nasterii
730 3002 859 3070 exinde
883 3005 1006 3070 datum
1031 3005 1199 3078 abuisset;
1219 3007 1338 3069 tamen
1355 3004 1383 3069 si
1403 3003 1572 3071 voluisset
1594 3005 1669 3090 ipse
1693 3006 1841 3072 domnus
1865 2981 1974 3070 abbas
1998 3003 2084 3069 dare
2105 3002 2138 3069 ei
2162 3001 2315 3087 triginta
2331 3001 2411 3066 auri

560 3159 645 3225 tari.
671 3153 743 3243 ipse
767 3159 952 3226 lanvertus
975 3158 1184 3225 remitderet
1209 3157 1318 3244 ipsius
1341 3159 1461 3226 domni
1486 3160 1608 3226 abbati
1632 3179 1695 3246 pro
1720 3179 1804 3258 pars
1827 3161 1939 3246 ipsius
1963 3159 2166 3226 inonasterii
2190 3157 2317 3224 inclita
2340 3177 2412 3224 me-

464 3373 466 3378 .
560 3314 731 3380 dietatem
755 3313 797 3380 de
822 3315 897 3380 tota
920 3313 998 3399 ipsa
1022 3312 1266 3399 suprascripta
1291 3316 1419 3388 rebus,
1452 3312 1609 3399 qualiter
1632 3333 1690 3380 eos
1714 3312 1759 3380 ad
1790 3312 2025 3380 lavorandum
2049 3333 2071 3380 a
2094 3331 2178 3398 pars
2207 3311 2317 3397 ipsius
2340 3329 2413 3376 mo-

559 3469 709 3536 nasterii
734 3472 910 3545 tenuerat,
937 3472 973 3536 et
996 3469 1039 3536 de
1062 3469 1139 3555 ipsa
1165 3469 1304 3555 reliqua
1329 3467 1533 3556 medietate,
1559 3468 1650 3555 quod
1676 3469 1757 3535 inde
1782 3469 2008 3544 remanserit,
2034 3468 2205 3542 impiaret,
2233 3466 2314 3533 inde
2336 3466 2410 3552 ipse

563 3622 716 3688 domnus
741 3624 849 3689 abbas
873 3623 984 3708 ipsius
1000 3622 1167 3689 lamberti
1183 3625 1325 3708 brebem
1343 3621 1466 3688 diebus
1490 3623 1585 3688 vitae
1608 3641 1682 3688 sue.
1704 3624 1778 3708 Ipse
1802 3622 1951 3688 domnus
1974 3623 2084 3688 abbas
2107 3639 2147 3687 ec
2171 3620 2259 3688 talia
2274 3618 2413 3687 audivit

564 3777 760 3843 dicentem:
786 3777 879 3844 dixit
902 3776 987 3844 illut
1010 3779 1150 3846 facere,
1176 3781 1212 3843 et
1235 3776 1355 3862 ibique
1379 3778 1463 3842 ante
1488 3795 1550 3842 nos
1574 3775 1671 3842 dedit
1694 3775 1768 3860 ipse
1792 3773 1973 3860 predictus
1996 3773 2144 3840 domnus
2168 3775 2279 3839 abbas
2302 3771 2411 3858 ipsius

564 3932 729 3998 lamberti
755 3931 905 4016 triginta
930 3932 1010 4000 auri
1034 3933 1118 4006 tari,
1146 3931 1346 3998 faciendum
1370 3929 1462 4017 quod
1486 3929 1651 4006 voluerit,
1678 3929 1779 3996 etde
1803 3928 1880 4014 ipsa
1912 3928 2053 4014 reliqua
2076 3925 2266 3994 medietate
2289 3927 2332 3994 de
2355 3945 2412 3994 su-

557 4085 759 4172 prascripta
784 4087 888 4151 rebus
912 4086 1073 4150 firmaret
1096 4085 1177 4151 inde
1194 4084 1227 4150 ei
1245 4087 1385 4150 brebem
1411 4083 1531 4150 diebus
1556 4081 1627 4148 vite
1651 4099 1783 4167 sueque
1807 4080 1992 4157 lamberti;
2018 4079 2064 4147 ad
2086 4079 2173 4146 obiti
2197 4079 2252 4146 sui
2278 4079 2411 4146 rediret

566 4241 611 4306 ad
629 4259 711 4325 pars
727 4239 878 4325 predicti
903 4239 1121 4314 monasterii,
1147 4235 1382 4305 ordinandum
1399 4237 1456 4303 cui
1482 4237 1645 4303 voluerit,
1666 4239 1710 4302 Et
1725 4236 1801 4323 ipse
1817 4238 2013 4303 lambertus
2029 4235 2250 4302 volunctarie
2269 4253 2332 4302 sue
2347 4255 2410 4320 per

564 4395 814 4462 conbenientia
839 4396 977 4462 remisit
1000 4395 1110 4480 ipsius
1134 4395 1252 4461 donini
1277 4393 1399 4461 alitiati
1423 4414 1487 4480 pro
1511 4413 1595 4481 pars
1619 4393 1730 4480 ipsius
1752 4393 1960 4460 monasterii
1990 4395 2065 4460 tota
2087 4397 2123 4459 et
2154 4392 2279 4460 inclita
2303 4391 2412 4459 medi-

557 4553 652 4615 etate
677 4549 719 4614 de
745 4551 820 4615 tota
842 4547 1087 4634 suprascripta
1112 4550 1228 4622 rebus,
1254 4547 1296 4612 de
1321 4548 1494 4632 quantum
1519 4549 1725 4634 quantoque
1742 4529 1780 4613 in
1802 4547 2001 4634 predictum
2017 4549 2134 4615 locum
2152 4549 2333 4626 turriccle,
2352 4548 2410 4614 uli

556 4701 702 4767 lenzara
726 4699 879 4774 dicitur,
906 4699 970 4765 ille
994 4719 1016 4765 a
1039 4719 1122 4785 pars
1147 4699 1297 4784 predicti
1321 4665 1533 4767 monasterii
1552 4701 1596 4767 ad
1621 4701 1856 4768 lacerandum
1880 4700 2018 4780 tenuit:
2053 4705 2088 4768 et
2112 4703 2258 4770 donabit
2281 4703 2410 4770 exinde

559 4858 634 4942 ipse
659 4857 844 4922 lanbertus
867 4856 978 4942 ipsius
1002 4855 1152 4942 predicti
1188 4856 1306 4924 dimmi
1342 4857 1463 4926 abbati
1488 4876 1552 4944 pro
1584 4877 1668 4944 pars
1702 4857 1758 4925 sui
1789 4858 1996 4926 monasterii
2030 4879 2150 4927 omnes
2174 4859 2352 4943 calumnie
2375 4865 2411 4927 et

560 5014 708 5077 cunctas
732 5011 932 5096 questiones
956 5027 1038 5076 suas
1062 5029 1126 5096 per
1149 5013 1373 5097 subsceptum
1398 5008 1593 5098 launegilt,
1619 5015 1655 5079 et
1678 5013 1900 5080 volunctarie
1923 5031 1985 5079 sue
2009 5033 2046 5080 se
2071 5013 2313 5081 manifestabit
2336 5015 2409 5100 ipso

564 5165 754 5232 iamdictus
777 5167 983 5241 lanrtertuS,
1004 5167 1129 5232 utnon
1154 5167 1345 5252 aliquando
1361 5167 1574 5234 adbeniente
1598 5170 1755 5254 tempore
1780 5187 1844 5234 nec
1861 5168 1935 5242 iile,
1954 5187 2018 5235 nec
2044 5169 2116 5235 suis
2140 5169 2320 5247 eredibus,
2348 5189 2411 5238 nec

565 5319 777 5404 quicumque
803 5321 905 5386 bomo
930 5340 992 5406 pro
1017 5320 1160 5387 illorum
1186 5321 1347 5406 partibus
1363 5339 1443 5386 cum
1467 5319 1543 5406 ipso
1566 5319 1715 5387 domnus
1731 5322 1852 5388 abbas.
1871 5325 1934 5388 aut
1954 5340 2033 5387 cum
2057 5321 2130 5388 suis
2153 5321 2411 5388 successoribus

571 5475 627 5537 vel
654 5492 733 5539 cum
757 5491 841 5558 pars
865 5473 1015 5558 predicti
1040 5473 1269 5539 morrasterii.
1307 5473 1350 5538 de
1374 5472 1534 5558 predicta
1559 5477 1685 5548 rebus,
1726 5477 1763 5541 ut
1786 5479 1949 5562 superius
1972 5475 2151 5550 diximus,
2177 5494 2326 5545 causare
2349 5481 2412 5543 aut

562 5627 775 5694 contendere
799 5633 938 5713 poteret
962 5629 1148 5696 volendum
1184 5630 1266 5695 illut
1306 5633 1426 5694 tencre
1449 5631 1486 5694 et
1508 5629 1693 5703 lavorare,
1727 5631 1781 5694 set
1804 5627 1929 5696 liceret
1964 5629 2046 5696 illut
2082 5627 2154 5716 ipse
2179 5629 2327 5698 domnus
2349 5633 2411 5698 ab

552 5785 614 5849 bas
638 5801 702 5868 pro
728 5803 812 5870 pars
836 5783 946 5870 ipsius
971 5784 1180 5853 monasterii
1204 5785 1290 5852 dare
1318 5785 1354 5850 et
1379 5783 1571 5860 ordinare,
1596 5789 1754 5871 qualiter
1778 5785 1952 5864 voluerit,
1979 5787 2097 5872 scepta
2120 5784 2197 5872 ipsa
2221 5784 2410 5853 medietate
