<?xml version="1.0" encoding="UTF-8"?>
<!DOCTYPE html PUBLIC "-//W3C//DTD XHTML 1.0 Transitional//EN"
    "http://www.w3.org/TR/xhtml1/DTD/xhtml1-transitional.dtd">
<html xmlns="http://www.w3.org/1999/xhtml" xml:lang="en" lang="en">
 <head>
  <title>
</title>
<meta http-equiv="Content-Type" content="text/html;charset=utf-8" />
  <meta name='ocr-system' content='tesseract 3.04.00' />
  <meta name='ocr-capabilities' content='ocr_page ocr_carea ocr_par ocr_line ocrx_word'/>
</head>
<body>
  <div class='ocr_page' id='page_1' title='image "./codexdiplomatic01aragoog_0273.png"; bbox 0 0 5398 7106; ppageno 0'>
   <div class='ocr_carea' id='block_1_1' title="bbox 973 491 2091 600">
    <p class='ocr_par' dir='ltr' id='par_1_1' title="bbox 973 491 2091 600">
     <span class='ocr_line' id='line_1_1' title="bbox 973 491 2091 600; baseline 0.004 -36"><span class='ocrx_word' id='word_1_1' title='bbox 973 491 1427 568; x_wconf 79' lang='lat' dir='ltr'><strong>urruourvrous</strong></span> <span class='ocrx_word' id='word_1_2' title='bbox 1601 589 1603 600; x_wconf 28' lang='grc' dir='ltr'>Ι</span> <span class='ocrx_word' id='word_1_3' title='bbox 2025 499 2091 584; x_wconf 76' lang='lat' dir='ltr'><strong>sti</strong></span> 
     </span>
    </p>
   </div>
   <div class='ocr_carea' id='block_1_2' title="bbox 279 684 2251 3559">
    <p class='ocr_par' dir='ltr' id='par_1_2' title="bbox 279 684 2251 3559">
     <span class='ocr_line' id='line_1_2' title="bbox 287 684 2145 798; baseline 0.005 -44"><span class='ocrx_word' id='word_1_4' title='bbox 287 687 422 773; x_wconf 85' lang='lat' dir='ltr'><strong>pua,at</strong></span> <span class='ocrx_word' id='word_1_5' title='bbox 436 685 513 790; x_wconf 75' lang='lat' dir='ltr'><strong>ipse</strong></span> <span class='ocrx_word' id='word_1_6' title='bbox 535 684 733 788; x_wconf 78' lang='lat' dir='ltr'><strong>arechisius</strong></span> <span class='ocrx_word' id='word_1_7' title='bbox 756 685 849 755; x_wconf 90' lang='lat' dir='ltr'><strong>illud</strong></span> <span class='ocrx_word' id='word_1_8' title='bbox 873 686 1070 757; x_wconf 88' lang='lat' dir='ltr'><strong>donaverat</strong></span> <span class='ocrx_word' id='word_1_9' title='bbox 1091 687 1161 775; x_wconf 88' lang='lat' dir='ltr'><strong>ipsi</strong></span> <span class='ocrx_word' id='word_1_10' title='bbox 1184 687 1407 784; x_wconf 70' lang='lat' dir='ltr'><strong>principissa,</strong></span> <span class='ocrx_word' id='word_1_11' title='bbox 1426 690 1588 777; x_wconf 90' lang='lat' dir='ltr'><strong>qualiter</strong></span> <span class='ocrx_word' id='word_1_12' title='bbox 1603 691 1636 762; x_wconf 89' lang='lat' dir='ltr'><strong>ei</strong></span> <span class='ocrx_word' id='word_1_13' title='bbox 1655 691 1849 798; x_wconf 87' lang='lat' dir='ltr'><strong>peripsum</strong></span> <span class='ocrx_word' id='word_1_14' title='bbox 1865 695 2005 779; x_wconf 88' lang='lat' dir='ltr'><strong>petrum</strong></span> <span class='ocrx_word' id='word_1_15' title='bbox 2022 694 2145 764; x_wconf 89' lang='lat' dir='ltr'><strong>datum</strong></span> 
     </span>
     <span class='ocr_line' id='line_1_3' title="bbox 285 792 2251 934; baseline 0.005 -24"><span class='ocrx_word' id='word_1_16' title='bbox 285 841 418 910; x_wconf 77' lang='lat' dir='ltr'><strong>marat.</strong></span> <span class='ocrx_word' id='word_1_17' title='bbox 442 844 480 908; x_wconf 93' lang='lat' dir='ltr'><strong>et</strong></span> <span class='ocrx_word' id='word_1_18' title='bbox 502 799 577 930; x_wconf 82' lang='lat' dir='ltr'><strong>ipse</strong></span> <span class='ocrx_word' id='word_1_19' title='bbox 600 843 711 912; x_wconf 85' lang='lat' dir='ltr'><strong>abbas</strong></span> <span class='ocrx_word' id='word_1_20' title='bbox 734 861 799 932; x_wconf 81' lang='lat' dir='ltr'><strong>per</strong></span> <span class='ocrx_word' id='word_1_21' title='bbox 821 843 1074 918; x_wconf 84' lang='lat' dir='ltr'><strong>convenientia</strong></span> <span class='ocrx_word' id='word_1_22' title='bbox 1098 792 1300 932; x_wconf 68' lang='lat' dir='ltr'><strong>tradiderat</strong></span> <span class='ocrx_word' id='word_1_23' title='bbox 1322 844 1391 930; x_wconf 89' lang='lat' dir='ltr'><strong>ipsi</strong></span> <span class='ocrx_word' id='word_1_24' title='bbox 1416 846 1517 931; x_wconf 84' lang='lat' dir='ltr'><strong>petro</strong></span> <span class='ocrx_word' id='word_1_25' title='bbox 1532 846 1607 914; x_wconf 89' lang='lat' dir='ltr'><strong>filio</strong></span> <span class='ocrx_word' id='word_1_26' title='bbox 1623 845 1779 934; x_wconf 88' lang='lat' dir='ltr'><strong>iaquinti</strong></span> <span class='ocrx_word' id='word_1_27' title='bbox 1803 847 1963 916; x_wconf 83' lang='lat' dir='ltr'><strong>sculdais</strong></span> <span class='ocrx_word' id='word_1_28' title='bbox 1980 849 2144 918; x_wconf 87' lang='lat' dir='ltr'><strong>inolitum</strong></span> <span class='ocrx_word' id='word_1_29' title='bbox 2234 821 2251 878; x_wconf 80' lang='lat'><strong>.&#39;</strong></span> 
     </span>
     <span class='ocr_line' id='line_1_4' title="bbox 286 997 2145 1088; baseline 0.005 -26"><span class='ocrx_word' id='word_1_30' title='bbox 286 999 460 1084; x_wconf 89' lang='lat' dir='ltr'><strong>quantum</strong></span> <span class='ocrx_word' id='word_1_31' title='bbox 477 997 522 1064; x_wconf 81' lang='lat' dir='ltr'><strong>acl</strong></span> <span class='ocrx_word' id='word_1_32' title='bbox 535 1016 620 1084; x_wconf 87' lang='lat' dir='ltr'><strong>pars</strong></span> <span class='ocrx_word' id='word_1_33' title='bbox 644 997 813 1068; x_wconf 88' lang='lat' dir='ltr'><strong>iamdicta</strong></span> <span class='ocrx_word' id='word_1_34' title='bbox 836 998 987 1070; x_wconf 86' lang='lat' dir='ltr'><strong>ecclesia</strong></span> <span class='ocrx_word' id='word_1_35' title='bbox 1010 997 1078 1066; x_wconf 89' lang='lat' dir='ltr'><strong>luit</strong></span> <span class='ocrx_word' id='word_1_36' title='bbox 1092 1005 1130 1066; x_wconf 91' lang='lat' dir='ltr'><strong>et</strong></span> <span class='ocrx_word' id='word_1_37' title='bbox 1145 1001 1238 1076; x_wconf 88' lang='lat' dir='ltr'><strong>erat,</strong></span> <span class='ocrx_word' id='word_1_38' title='bbox 1263 1018 1326 1068; x_wconf 92' lang='lat' dir='ltr'><strong>seu</strong></span> <span class='ocrx_word' id='word_1_39' title='bbox 1352 1000 1463 1068; x_wconf 89' lang='lat' dir='ltr'><strong>luerit</strong></span> <span class='ocrx_word' id='word_1_40' title='bbox 1485 1001 1688 1088; x_wconf 78' lang='lat' dir='ltr'><strong>pertinente</strong></span> <span class='ocrx_word' id='word_1_41' title='bbox 1712 1002 1856 1088; x_wconf 89' lang='lat' dir='ltr'><strong>deipsis</strong></span> <span class='ocrx_word' id='word_1_42' title='bbox 1880 1005 2000 1080; x_wconf 86' lang='lat' dir='ltr'><strong>terris,</strong></span> <span class='ocrx_word' id='word_1_43' title='bbox 2026 1005 2063 1072; x_wconf 90' lang='lat' dir='ltr'><strong>et</strong></span> <span class='ocrx_word' id='word_1_44' title='bbox 2085 1023 2145 1072; x_wconf 87' lang='lat' dir='ltr'><strong>ca-</strong></span> 
     </span>
     <span class='ocr_line' id='line_1_5' title="bbox 284 1151 2144 1244; baseline 0.004 -24"><span class='ocrx_word' id='word_1_45' title='bbox 284 1151 345 1228; x_wconf 92' lang='lat' dir='ltr'><strong>sis,</strong></span> <span class='ocrx_word' id='word_1_46' title='bbox 370 1154 408 1218; x_wconf 93' lang='lat' dir='ltr'><strong>et</strong></span> <span class='ocrx_word' id='word_1_47' title='bbox 431 1169 549 1238; x_wconf 87' lang='lat' dir='ltr'><strong>presa,</strong></span> <span class='ocrx_word' id='word_1_48' title='bbox 574 1154 612 1220; x_wconf 93' lang='lat' dir='ltr'><strong>et</strong></span> <span class='ocrx_word' id='word_1_49' title='bbox 634 1155 764 1232; x_wconf 89' lang='lat' dir='ltr'><strong>curta,</strong></span> <span class='ocrx_word' id='word_1_50' title='bbox 789 1155 827 1221; x_wconf 92' lang='lat' dir='ltr'><strong>et</strong></span> <span class='ocrx_word' id='word_1_51' title='bbox 849 1153 974 1222; x_wconf 86' lang='lat' dir='ltr'><strong>andita</strong></span> <span class='ocrx_word' id='word_1_52' title='bbox 997 1155 1095 1222; x_wconf 91' lang='lat' dir='ltr'><strong>intus</strong></span> <span class='ocrx_word' id='word_1_53' title='bbox 1118 1156 1213 1222; x_wconf 88' lang='lat' dir='ltr'><strong>hauc</strong></span> <span class='ocrx_word' id='word_1_54' title='bbox 1237 1153 1449 1232; x_wconf 90' lang='lat' dir='ltr'><strong>civitatem,</strong></span> <span class='ocrx_word' id='word_1_55' title='bbox 1476 1174 1546 1244; x_wconf 87' lang='lat' dir='ltr'><strong>que</strong></span> <span class='ocrx_word' id='word_1_56' title='bbox 1568 1155 1690 1225; x_wconf 84' lang='lat' dir='ltr'><strong>fuerat</strong></span> <span class='ocrx_word' id='word_1_57' title='bbox 1711 1155 1824 1243; x_wconf 90' lang='lat' dir='ltr'><strong>ipsius</strong></span> <span class='ocrx_word' id='word_1_58' title='bbox 1846 1155 1941 1244; x_wconf 87' lang='lat' dir='ltr'><strong>patri</strong></span> <span class='ocrx_word' id='word_1_59' title='bbox 1966 1156 2031 1224; x_wconf 91' lang='lat' dir='ltr'><strong>tllii</strong></span> <span class='ocrx_word' id='word_1_60' title='bbox 2048 1159 2144 1244; x_wconf 91' lang='lat' dir='ltr'><strong>petri</strong></span> 
     </span>
     <span class='ocr_line' id='line_1_6' title="bbox 285 1307 2145 1397; baseline 0.002 -21"><span class='ocrx_word' id='word_1_61' title='bbox 285 1307 407 1385; x_wconf 89' lang='lat' dir='ltr'><strong>iudici,</strong></span> <span class='ocrx_word' id='word_1_62' title='bbox 425 1325 494 1395; x_wconf 93' lang='lat' dir='ltr'><strong>que</strong></span> <span class='ocrx_word' id='word_1_63' title='bbox 519 1308 564 1376; x_wconf 88' lang='lat' dir='ltr'><strong>ad</strong></span> <span class='ocrx_word' id='word_1_64' title='bbox 587 1326 672 1395; x_wconf 88' lang='lat' dir='ltr'><strong>pars</strong></span> <span class='ocrx_word' id='word_1_65' title='bbox 695 1307 865 1376; x_wconf 88' lang='lat' dir='ltr'><strong>iamdicta</strong></span> <span class='ocrx_word' id='word_1_66' title='bbox 888 1309 1037 1378; x_wconf 82' lang='lat' dir='ltr'><strong>ecclesie</strong></span> <span class='ocrx_word' id='word_1_67' title='bbox 1062 1309 1279 1395; x_wconf 79' lang='lat' dir='ltr'><strong>pertinebat,</strong></span> <span class='ocrx_word' id='word_1_68' title='bbox 1298 1313 1355 1376; x_wconf 90' lang='lat' dir='ltr'><strong>vel</strong></span> <span class='ocrx_word' id='word_1_69' title='bbox 1381 1309 1627 1397; x_wconf 86' lang='lat' dir='ltr'><strong>undecumque</strong></span> <span class='ocrx_word' id='word_1_70' title='bbox 1650 1310 1696 1380; x_wconf 86' lang='lat' dir='ltr'><strong>ad</strong></span> <span class='ocrx_word' id='word_1_71' title='bbox 1713 1310 1884 1380; x_wconf 84' lang='lat' dir='ltr'><strong>iamdicta</strong></span> <span class='ocrx_word' id='word_1_72' title='bbox 1901 1312 2054 1380; x_wconf 89' lang='lat' dir='ltr'><strong>ecclesia</strong></span> <span class='ocrx_word' id='word_1_73' title='bbox 2070 1315 2145 1382; x_wconf 85' lang='lat' dir='ltr'><strong>lua·</strong></span> 
     </span>
     <span class='ocr_line' id='line_1_7' title="bbox 285 1462 2144 1553; baseline 0.002 -22"><span class='ocrx_word' id='word_1_74' title='bbox 285 1467 344 1532; x_wconf 87' lang='lat' dir='ltr'><strong>rat</strong></span> <span class='ocrx_word' id='word_1_75' title='bbox 367 1465 404 1531; x_wconf 91' lang='lat' dir='ltr'><strong>et</strong></span> <span class='ocrx_word' id='word_1_76' title='bbox 426 1466 508 1530; x_wconf 88' lang='lat' dir='ltr'><strong>erat</strong></span> <span class='ocrx_word' id='word_1_77' title='bbox 530 1462 745 1550; x_wconf 86' lang='lat' dir='ltr'><strong>pertinente,</strong></span> <span class='ocrx_word' id='word_1_78' title='bbox 771 1465 828 1532; x_wconf 91' lang='lat' dir='ltr'><strong>vel</strong></span> <span class='ocrx_word' id='word_1_79' title='bbox 852 1482 928 1532; x_wconf 91' lang='lat' dir='ltr'><strong>esse</strong></span> <span class='ocrx_word' id='word_1_80' title='bbox 951 1465 1137 1542; x_wconf 88' lang='lat' dir='ltr'><strong>debuerat,</strong></span> <span class='ocrx_word' id='word_1_81' title='bbox 1162 1483 1244 1532; x_wconf 89' lang='lat' dir='ltr'><strong>cum</strong></span> <span class='ocrx_word' id='word_1_82' title='bbox 1267 1465 1432 1532; x_wconf 92' lang='lat' dir='ltr'><strong>omnibus</strong></span> <span class='ocrx_word' id='word_1_83' title='bbox 1463 1465 1559 1534; x_wconf 88' lang='lat' dir='ltr'><strong>insra</strong></span> <span class='ocrx_word' id='word_1_84' title='bbox 1581 1483 1619 1532; x_wconf 91' lang='lat' dir='ltr'><strong>se</strong></span> <span class='ocrx_word' id='word_1_85' title='bbox 1644 1465 1858 1534; x_wconf 77' lang='lat' dir='ltr'><strong>habentibus</strong></span> <span class='ocrx_word' id='word_1_86' title='bbox 1881 1469 1919 1534; x_wconf 91' lang='lat' dir='ltr'><strong>at</strong></span> <span class='ocrx_word' id='word_1_87' title='bbox 1939 1469 2013 1534; x_wconf 89' lang='lat' dir='ltr'><strong>suis</strong></span> <span class='ocrx_word' id='word_1_88' title='bbox 2035 1469 2144 1553; x_wconf 89' lang='lat' dir='ltr'><strong>parti-</strong></span> 
     </span>
     <span class='ocr_line' id='line_1_8' title="bbox 284 1612 2139 1706; baseline 0.003 -26"><span class='ocrx_word' id='word_1_89' title='bbox 284 1612 443 1690; x_wconf 85' lang='lat' dir='ltr'><strong>nentiis,</strong></span> <span class='ocrx_word' id='word_1_90' title='bbox 476 1616 616 1683; x_wconf 86' lang='lat' dir='ltr'><strong>etcum</strong></span> <span class='ocrx_word' id='word_1_91' title='bbox 640 1615 717 1682; x_wconf 88' lang='lat' dir='ltr'><strong>vice</strong></span> <span class='ocrx_word' id='word_1_92' title='bbox 740 1616 784 1682; x_wconf 89' lang='lat' dir='ltr'><strong>de</strong></span> <span class='ocrx_word' id='word_1_93' title='bbox 807 1615 867 1688; x_wconf 86' lang='lat' dir='ltr'><strong>bia</strong></span> <span class='ocrx_word' id='word_1_94' title='bbox 888 1635 967 1694; x_wconf 89' lang='lat' dir='ltr'><strong>sua,</strong></span> <span class='ocrx_word' id='word_1_95' title='bbox 993 1617 1038 1684; x_wconf 88' lang='lat' dir='ltr'><strong>ad</strong></span> <span class='ocrx_word' id='word_1_96' title='bbox 1062 1617 1262 1686; x_wconf 84' lang='lat' dir='ltr'><strong>faciendum</strong></span> <span class='ocrx_word' id='word_1_97' title='bbox 1286 1615 1369 1684; x_wconf 90' lang='lat' dir='ltr'><strong>inda</strong></span> <span class='ocrx_word' id='word_1_98' title='bbox 1394 1615 1456 1682; x_wconf 92' lang='lat' dir='ltr'><strong>illa</strong></span> <span class='ocrx_word' id='word_1_99' title='bbox 1479 1621 1517 1683; x_wconf 91' lang='lat' dir='ltr'><strong>et</strong></span> <span class='ocrx_word' id='word_1_100' title='bbox 1539 1615 1616 1686; x_wconf 91' lang='lat' dir='ltr'><strong>eius</strong></span> <span class='ocrx_word' id='word_1_101' title='bbox 1641 1617 1790 1686; x_wconf 89' lang='lat' dir='ltr'><strong>heredes</strong></span> <span class='ocrx_word' id='word_1_102' title='bbox 1826 1618 1919 1706; x_wconf 92' lang='lat' dir='ltr'><strong>quod</strong></span> <span class='ocrx_word' id='word_1_103' title='bbox 1945 1616 2139 1698; x_wconf 90' lang='lat' dir='ltr'><strong>voluerint,</strong></span> 
     </span>
     <span class='ocr_line' id='line_1_9' title="bbox 283 1735 2143 1862; baseline 0.005 -28"><span class='ocrx_word' id='word_1_104' title='bbox 283 1767 376 1836; x_wconf 90' lang='lat' dir='ltr'><strong>sicut</strong></span> <span class='ocrx_word' id='word_1_105' title='bbox 399 1767 478 1856; x_wconf 90' lang='lat' dir='ltr'><strong>ipsa</strong></span> <span class='ocrx_word' id='word_1_106' title='bbox 500 1771 604 1838; x_wconf 87' lang='lat' dir='ltr'><strong>carta</strong></span> <span class='ocrx_word' id='word_1_107' title='bbox 627 1769 799 1848; x_wconf 88' lang='lat' dir='ltr'><strong>eontinet,</strong></span> <span class='ocrx_word' id='word_1_108' title='bbox 824 1735 970 1858; x_wconf 87' lang='lat' dir='ltr'><strong>scripta</strong></span> <span class='ocrx_word' id='word_1_109' title='bbox 984 1791 1049 1859; x_wconf 90' lang='grc' dir='ltr'><strong>ρετ</strong></span> <span class='ocrx_word' id='word_1_110' title='bbox 1072 1774 1214 1859; x_wconf 89' lang='lat' dir='ltr'><strong>petrum</strong></span> <span class='ocrx_word' id='word_1_111' title='bbox 1238 1773 1448 1850; x_wconf 91' lang='lat' dir='ltr'><strong>notarium,</strong></span> <span class='ocrx_word' id='word_1_112' title='bbox 1474 1773 1513 1841; x_wconf 91' lang='lat' dir='ltr'><strong>in</strong></span> <span class='ocrx_word' id='word_1_113' title='bbox 1537 1791 1609 1860; x_wconf 89' lang='lat' dir='ltr'><strong>qua</strong></span> <span class='ocrx_word' id='word_1_114' title='bbox 1630 1773 1824 1860; x_wconf 86' lang='lat' dir='ltr'><strong>subscripti</strong></span> <span class='ocrx_word' id='word_1_115' title='bbox 1846 1775 1932 1842; x_wconf 89' lang='lat' dir='ltr'><strong>sunt</strong></span> <span class='ocrx_word' id='word_1_116' title='bbox 1955 1775 2143 1862; x_wconf 85' lang='lat' dir='ltr'><strong>truppoalt</strong></span> 
     </span>
     <span class='ocr_line' id='line_1_10' title="bbox 282 1922 2144 2014; baseline 0.003 -24"><span class='ocrx_word' id='word_1_117' title='bbox 282 1922 425 1990; x_wconf 86' lang='lat' dir='ltr'><strong>stolsaiz</strong></span> <span class='ocrx_word' id='word_1_118' title='bbox 449 1925 486 1991; x_wconf 92' lang='lat' dir='ltr'><strong>et</strong></span> <span class='ocrx_word' id='word_1_119' title='bbox 509 1941 637 2002; x_wconf 88' lang='lat' dir='ltr'><strong>comes,</strong></span> <span class='ocrx_word' id='word_1_120' title='bbox 652 1928 690 1992; x_wconf 93' lang='lat' dir='ltr'><strong>et</strong></span> <span class='ocrx_word' id='word_1_121' title='bbox 712 1925 898 1994; x_wconf 81' lang='lat' dir='ltr'><strong>adenolfus</strong></span> <span class='ocrx_word' id='word_1_122' title='bbox 920 1929 958 1994; x_wconf 91' lang='lat' dir='ltr'><strong>et</strong></span> <span class='ocrx_word' id='word_1_123' title='bbox 973 1927 1048 2012; x_wconf 93' lang='lat' dir='ltr'><strong>ipse</strong></span> <span class='ocrx_word' id='word_1_124' title='bbox 1072 1925 1277 1994; x_wconf 91' lang='lat' dir='ltr'><strong>dumnellus</strong></span> <span class='ocrx_word' id='word_1_125' title='bbox 1300 1927 1480 2014; x_wconf 84' lang='lat' dir='ltr'><strong>presbiter</strong></span> <span class='ocrx_word' id='word_1_126' title='bbox 1503 1931 1540 1995; x_wconf 92' lang='lat' dir='ltr'><strong>et</strong></span> <span class='ocrx_word' id='word_1_127' title='bbox 1562 1930 1674 1996; x_wconf 86' lang='lat' dir='ltr'><strong>abbas</strong></span> <span class='ocrx_word' id='word_1_128' title='bbox 1697 1931 1734 1995; x_wconf 90' lang='lat' dir='ltr'><strong>et</strong></span> <span class='ocrx_word' id='word_1_129' title='bbox 1757 1927 1852 1996; x_wconf 89' lang='lat' dir='ltr'><strong>aliis.</strong></span> <span class='ocrx_word' id='word_1_130' title='bbox 1870 1930 2025 1996; x_wconf 88' lang='lat' dir='ltr'><strong>Decima:</strong></span> <span class='ocrx_word' id='word_1_131' title='bbox 2042 1931 2144 1998; x_wconf 84' lang='lat' dir='ltr'><strong>sexto</strong></span> 
     </span>
     <span class='ocr_line' id='line_1_11' title="bbox 281 2073 2145 2169; baseline 0.005 -27"><span class='ocrx_word' id='word_1_132' title='bbox 281 2073 417 2144; x_wconf 91' lang='lat' dir='ltr'><strong>decimo</strong></span> <span class='ocrx_word' id='word_1_133' title='bbox 433 2096 527 2146; x_wconf 87' lang='lat' dir='ltr'><strong>anno</strong></span> <span class='ocrx_word' id='word_1_134' title='bbox 542 2078 766 2166; x_wconf 85' lang='lat' dir='ltr'><strong>principatus</strong></span> <span class='ocrx_word' id='word_1_135' title='bbox 788 2080 910 2148; x_wconf 90' lang='lat' dir='ltr'><strong>domni</strong></span> <span class='ocrx_word' id='word_1_136' title='bbox 934 2081 1046 2148; x_wconf 87' lang='lat' dir='ltr'><strong>nostri</strong></span> <span class='ocrx_word' id='word_1_137' title='bbox 1068 2081 1251 2167; x_wconf 80' lang='lat' dir='ltr'><strong>guaimari</strong></span> <span class='ocrx_word' id='word_1_138' title='bbox 1273 2081 1340 2150; x_wconf 86' lang='lat' dir='ltr'><strong>lilii</strong></span> <span class='ocrx_word' id='word_1_139' title='bbox 1363 2083 1483 2150; x_wconf 92' lang='lat' dir='ltr'><strong>domni</strong></span> <span class='ocrx_word' id='word_1_140' title='bbox 1507 2083 1716 2168; x_wconf 86' lang='lat' dir='ltr'><strong>guaimarii,</strong></span> <span class='ocrx_word' id='word_1_141' title='bbox 1736 2101 1857 2150; x_wconf 91' lang='lat' dir='ltr'><strong>mansa</strong></span> <span class='ocrx_word' id='word_1_142' title='bbox 1870 2083 2070 2169; x_wconf 87' lang='lat' dir='ltr'><strong>ianuarius,</strong></span> <span class='ocrx_word' id='word_1_143' title='bbox 2088 2101 2145 2151; x_wconf 80' lang='lat' dir='ltr'><strong>sa·</strong></span> 
     </span>
     <span class='ocr_line' id='line_1_12' title="bbox 282 2209 2139 2338; baseline 0.004 -42"><span class='ocrx_word' id='word_1_144' title='bbox 282 2231 399 2300; x_wconf 87' lang='lat' dir='ltr'><strong>cunda</strong></span> <span class='ocrx_word' id='word_1_145' title='bbox 422 2230 631 2300; x_wconf 89' lang='lat' dir='ltr'><strong>indictione.</strong></span> <span class='ocrx_word' id='word_1_146' title='bbox 646 2233 857 2303; x_wconf 87' lang='lat' dir='ltr'><strong>coniunctus</strong></span> <span class='ocrx_word' id='word_1_147' title='bbox 873 2234 1078 2338; x_wconf 81' lang='lat' dir='ltr'><strong>tueratipsa</strong></span> <span class='ocrx_word' id='word_1_148' title='bbox 1090 2239 1214 2322; x_wconf 89' lang='lat' dir='ltr'><strong>petrus</strong></span> <span class='ocrx_word' id='word_1_149' title='bbox 1228 2235 1323 2304; x_wconf 87' lang='lat' dir='ltr'><strong>filius</strong></span> <span class='ocrx_word' id='word_1_150' title='bbox 1339 2235 1493 2324; x_wconf 87' lang='lat' dir='ltr'><strong>iaquinti</strong></span> <span class='ocrx_word' id='word_1_151' title='bbox 1510 2209 1666 2306; x_wconf 89' lang='lat' dir='ltr'><strong>sculdais</strong></span> <span class='ocrx_word' id='word_1_152' title='bbox 1682 2256 1761 2306; x_wconf 87' lang='lat' dir='ltr'><strong>cum</strong></span> <span class='ocrx_word' id='word_1_153' title='bbox 1779 2237 2023 2324; x_wconf 88' lang='lat' dir='ltr'><strong>suprascripto</strong></span> <span class='ocrx_word' id='word_1_154' title='bbox 2040 2239 2139 2323; x_wconf 90' lang='lat' dir='ltr'><strong>petro</strong></span> 
     </span>
     <span class='ocr_line' id='line_1_13' title="bbox 281 2384 2138 2476; baseline 0.002 -24"><span class='ocrx_word' id='word_1_155' title='bbox 281 2384 354 2452; x_wconf 86' lang='lat' dir='ltr'><strong>illio</strong></span> <span class='ocrx_word' id='word_1_156' title='bbox 377 2385 563 2472; x_wconf 86' lang='lat' dir='ltr'><strong>pandonis,</strong></span> <span class='ocrx_word' id='word_1_157' title='bbox 588 2389 626 2454; x_wconf 90' lang='lat' dir='ltr'><strong>et</strong></span> <span class='ocrx_word' id='word_1_158' title='bbox 650 2405 714 2474; x_wconf 98' lang='grc' dir='ltr'><strong>ρετ</strong></span> <span class='ocrx_word' id='word_1_159' title='bbox 737 2386 853 2475; x_wconf 91' lang='lat' dir='ltr'><strong>ipsum</strong></span> <span class='ocrx_word' id='word_1_160' title='bbox 875 2387 988 2456; x_wconf 87' lang='lat' dir='ltr'><strong>fllium</strong></span> <span class='ocrx_word' id='word_1_161' title='bbox 1012 2387 1167 2474; x_wconf 90' lang='lat' dir='ltr'><strong>iaquinti</strong></span> <span class='ocrx_word' id='word_1_162' title='bbox 1190 2391 1371 2457; x_wconf 88' lang='lat' dir='ltr'><strong>ostensum</strong></span> <span class='ocrx_word' id='word_1_163' title='bbox 1395 2391 1476 2456; x_wconf 88' lang='lat' dir='ltr'><strong>erat</strong></span> <span class='ocrx_word' id='word_1_164' title='bbox 1500 2408 1609 2456; x_wconf 93' lang='lat' dir='ltr'><strong>unum</strong></span> <span class='ocrx_word' id='word_1_165' title='bbox 1632 2391 1819 2476; x_wconf 88' lang='lat' dir='ltr'><strong>scriptum,</strong></span> <span class='ocrx_word' id='word_1_166' title='bbox 1844 2393 1881 2458; x_wconf 90' lang='lat' dir='ltr'><strong>et</strong></span> <span class='ocrx_word' id='word_1_167' title='bbox 1904 2390 2000 2458; x_wconf 89' lang='lat' dir='ltr'><strong>inter</strong></span> <span class='ocrx_word' id='word_1_168' title='bbox 2015 2393 2138 2462; x_wconf 86' lang='lat' dir='ltr'><strong>cetera</strong></span> 
     </span>
     <span class='ocr_line' id='line_1_14' title="bbox 281 2517 2141 2631; baseline 0.003 -24"><span class='ocrx_word' id='word_1_169' title='bbox 281 2559 350 2628; x_wconf 93' lang='lat' dir='ltr'><strong>qua</strong></span> <span class='ocrx_word' id='word_1_170' title='bbox 372 2517 589 2628; x_wconf 86' lang='lat' dir='ltr'><strong>continebat,</strong></span> <span class='ocrx_word' id='word_1_171' title='bbox 607 2541 812 2610; x_wconf 88' lang='lat' dir='ltr'><strong>continebat</strong></span> <span class='ocrx_word' id='word_1_172' title='bbox 829 2545 868 2611; x_wconf 93' lang='lat' dir='ltr'><strong>ut</strong></span> <span class='ocrx_word' id='word_1_173' title='bbox 880 2542 1099 2630; x_wconf 83' lang='lat' dir='ltr'><strong>perrexisset</strong></span> <span class='ocrx_word' id='word_1_174' title='bbox 1120 2559 1228 2629; x_wconf 89' lang='lat' dir='ltr'><strong>super</strong></span> <span class='ocrx_word' id='word_1_175' title='bbox 1252 2543 1352 2610; x_wconf 91' lang='lat' dir='ltr'><strong>terra</strong></span> <span class='ocrx_word' id='word_1_176' title='bbox 1368 2559 1542 2610; x_wconf 87' lang='lat' dir='ltr'><strong>cumcasa</strong></span> <span class='ocrx_word' id='word_1_177' title='bbox 1558 2561 1627 2630; x_wconf 92' lang='lat' dir='ltr'><strong>qua</strong></span> <span class='ocrx_word' id='word_1_178' title='bbox 1642 2543 1719 2630; x_wconf 92' lang='lat' dir='ltr'><strong>ipse</strong></span> <span class='ocrx_word' id='word_1_179' title='bbox 1733 2543 1829 2612; x_wconf 85' lang='lat' dir='ltr'><strong>filius</strong></span> <span class='ocrx_word' id='word_1_180' title='bbox 1852 2543 2024 2631; x_wconf 85' lang='lat' dir='ltr'><strong>pandonis</strong></span> <span class='ocrx_word' id='word_1_181' title='bbox 2041 2563 2141 2612; x_wconf 93' lang='lat' dir='ltr'><strong>mon·</strong></span> 
     </span>
     <span class='ocr_line' id='line_1_15' title="bbox 279 2695 2138 2782; baseline 0.002 -18"><span class='ocrx_word' id='word_1_182' title='bbox 279 2697 461 2764; x_wconf 87' lang='lat' dir='ltr'><strong>straverat</strong></span> <span class='ocrx_word' id='word_1_183' title='bbox 484 2714 548 2782; x_wconf 91' lang='lat' dir='ltr'><strong>per</strong></span> <span class='ocrx_word' id='word_1_184' title='bbox 570 2696 672 2764; x_wconf 85' lang='lat' dir='ltr'><strong>tinas.</strong></span> <span class='ocrx_word' id='word_1_185' title='bbox 698 2699 744 2764; x_wconf 91' lang='lat' dir='ltr'><strong>ab</strong></span> <span class='ocrx_word' id='word_1_186' title='bbox 766 2695 950 2764; x_wconf 86' lang='lat' dir='ltr'><strong>occidente</strong></span> <span class='ocrx_word' id='word_1_187' title='bbox 974 2697 1043 2762; x_wconf 86' lang='lat' dir='ltr'><strong>ilne</strong></span> <span class='ocrx_word' id='word_1_188' title='bbox 1067 2696 1213 2782; x_wconf 89' lang='lat' dir='ltr'><strong>platea:</strong></span> <span class='ocrx_word' id='word_1_189' title='bbox 1239 2715 1261 2764; x_wconf 88' lang='lat' dir='ltr'><strong>a</strong></span> <span class='ocrx_word' id='word_1_190' title='bbox 1285 2697 1436 2764; x_wconf 91' lang='lat' dir='ltr'><strong>meridie</strong></span> <span class='ocrx_word' id='word_1_191' title='bbox 1459 2698 1530 2765; x_wconf 81' lang='lat' dir='ltr'><strong>tine</strong></span> <span class='ocrx_word' id='word_1_192' title='bbox 1554 2698 1730 2767; x_wconf 87' lang='lat' dir='ltr'><strong>anditum:</strong></span> <span class='ocrx_word' id='word_1_193' title='bbox 1756 2703 1801 2768; x_wconf 90' lang='lat' dir='ltr'><strong>ab</strong></span> <span class='ocrx_word' id='word_1_194' title='bbox 1824 2700 1964 2767; x_wconf 90' lang='lat' dir='ltr'><strong>oriente</strong></span> <span class='ocrx_word' id='word_1_195' title='bbox 1988 2701 2058 2767; x_wconf 82' lang='lat' dir='ltr'><strong>fine</strong></span> <span class='ocrx_word' id='word_1_196' title='bbox 2081 2719 2138 2767; x_wconf 90' lang='lat' dir='ltr'><strong>eo-</strong></span> 
     </span>
     <span class='ocr_line' id='line_1_16' title="bbox 280 2849 2139 2942; baseline 0.003 -25"><span class='ocrx_word' id='word_1_197' title='bbox 280 2849 386 2918; x_wconf 86' lang='lat' dir='ltr'><strong>elesie</strong></span> <span class='ocrx_word' id='word_1_198' title='bbox 408 2854 533 2918; x_wconf 89' lang='lat' dir='ltr'><strong>sancte</strong></span> <span class='ocrx_word' id='word_1_199' title='bbox 557 2855 684 2920; x_wconf 89' lang='lat' dir='ltr'><strong>marie:</strong></span> <span class='ocrx_word' id='word_1_200' title='bbox 704 2873 726 2919; x_wconf 90' lang='lat' dir='ltr'><strong>a</strong></span> <span class='ocrx_word' id='word_1_201' title='bbox 741 2851 995 2939; x_wconf 86' lang='lat' dir='ltr'><strong>septemtrione</strong></span> <span class='ocrx_word' id='word_1_202' title='bbox 1011 2852 1079 2920; x_wconf 84' lang='lat' dir='ltr'><strong>llne</strong></span> <span class='ocrx_word' id='word_1_203' title='bbox 1097 2852 1336 2938; x_wconf 83' lang='lat' dir='ltr'><strong>magelgardi.</strong></span> <span class='ocrx_word' id='word_1_204' title='bbox 1362 2858 1399 2920; x_wconf 91' lang='lat' dir='ltr'><strong>et</strong></span> <span class='ocrx_word' id='word_1_205' title='bbox 1414 2857 1679 2923; x_wconf 88' lang='lat' dir='ltr'><strong>monstraverat</strong></span> <span class='ocrx_word' id='word_1_206' title='bbox 1693 2855 1810 2942; x_wconf 93' lang='lat' dir='ltr'><strong>ipsum</strong></span> <span class='ocrx_word' id='word_1_207' title='bbox 1826 2854 1989 2922; x_wconf 90' lang='lat' dir='ltr'><strong>anditum</strong></span> <span class='ocrx_word' id='word_1_208' title='bbox 2013 2855 2139 2923; x_wconf 89' lang='lat' dir='ltr'><strong>adiun-</strong></span> 
     </span>
     <span class='ocr_line' id='line_1_17' title="bbox 282 2991 2138 3096; baseline 0.004 -26"><span class='ocrx_word' id='word_1_209' title='bbox 282 3006 378 3071; x_wconf 91' lang='lat' dir='ltr'><strong>ctum</strong></span> <span class='ocrx_word' id='word_1_210' title='bbox 402 3004 448 3072; x_wconf 92' lang='lat' dir='ltr'><strong>ad</strong></span> <span class='ocrx_word' id='word_1_211' title='bbox 471 3005 586 3092; x_wconf 88' lang='lat' dir='ltr'><strong>ipsam</strong></span> <span class='ocrx_word' id='word_1_212' title='bbox 611 3009 746 3074; x_wconf 89' lang='lat' dir='ltr'><strong>terram</strong></span> <span class='ocrx_word' id='word_1_213' title='bbox 770 3026 852 3074; x_wconf 88' lang='lat' dir='ltr'><strong>cum</strong></span> <span class='ocrx_word' id='word_1_214' title='bbox 877 2991 1008 3074; x_wconf 48' lang='lat' dir='ltr'><strong>casa‘a</strong></span> <span class='ocrx_word' id='word_1_215' title='bbox 1032 3007 1196 3085; x_wconf 89' lang='lat' dir='ltr'><strong>meridie,</strong></span> <span class='ocrx_word' id='word_1_216' title='bbox 1215 3010 1252 3074; x_wconf 89' lang='lat' dir='ltr'><strong>et</strong></span> <span class='ocrx_word' id='word_1_217' title='bbox 1274 3006 1423 3076; x_wconf 88' lang='lat' dir='ltr'><strong>dicabat.</strong></span> <span class='ocrx_word' id='word_1_218' title='bbox 1441 3008 1517 3096; x_wconf 86' lang='lat' dir='ltr'><strong>ipsa</strong></span> <span class='ocrx_word' id='word_1_219' title='bbox 1540 3009 1635 3076; x_wconf 88' lang='lat' dir='ltr'><strong>filius</strong></span> <span class='ocrx_word' id='word_1_220' title='bbox 1659 3010 1847 3096; x_wconf 90' lang='lat' dir='ltr'><strong>pandonis,</strong></span> <span class='ocrx_word' id='word_1_221' title='bbox 1876 3012 1914 3076; x_wconf 92' lang='lat' dir='ltr'><strong>ut</strong></span> <span class='ocrx_word' id='word_1_222' title='bbox 1937 3011 2015 3096; x_wconf 91' lang='lat' dir='ltr'><strong>ipsa</strong></span> <span class='ocrx_word' id='word_1_223' title='bbox 2038 3013 2138 3078; x_wconf 85' lang='lat' dir='ltr'><strong>terra</strong></span> 
     </span>
     <span class='ocr_line' id='line_1_18' title="bbox 282 3161 2133 3253; baseline 0.003 -25"><span class='ocrx_word' id='word_1_224' title='bbox 282 3181 362 3230; x_wconf 89' lang='lat' dir='ltr'><strong>cum</strong></span> <span class='ocrx_word' id='word_1_225' title='bbox 386 3180 466 3230; x_wconf 87' lang='lat' dir='ltr'><strong>casa</strong></span> <span class='ocrx_word' id='word_1_226' title='bbox 490 3181 570 3230; x_wconf 88' lang='lat' dir='ltr'><strong>eum</strong></span> <span class='ocrx_word' id='word_1_227' title='bbox 594 3163 672 3230; x_wconf 91' lang='lat' dir='ltr'><strong>vice</strong></span> <span class='ocrx_word' id='word_1_228' title='bbox 696 3163 740 3230; x_wconf 91' lang='lat' dir='ltr'><strong>de</strong></span> <span class='ocrx_word' id='word_1_229' title='bbox 765 3163 839 3250; x_wconf 88' lang='lat' dir='ltr'><strong>ipso</strong></span> <span class='ocrx_word' id='word_1_230' title='bbox 862 3163 986 3230; x_wconf 88' lang='lat' dir='ltr'><strong>andito</strong></span> <span class='ocrx_word' id='word_1_231' title='bbox 1024 3165 1061 3228; x_wconf 93' lang='lat' dir='ltr'><strong>et</strong></span> <span class='ocrx_word' id='word_1_232' title='bbox 1084 3165 1186 3230; x_wconf 89' lang='lat' dir='ltr'><strong>curte</strong></span> <span class='ocrx_word' id='word_1_233' title='bbox 1210 3161 1243 3231; x_wconf 92' lang='lat' dir='ltr'><strong>ei</strong></span> <span class='ocrx_word' id='word_1_234' title='bbox 1267 3181 1343 3232; x_wconf 88' lang='lat' dir='ltr'><strong>essa</strong></span> <span class='ocrx_word' id='word_1_235' title='bbox 1366 3164 1569 3250; x_wconf 89' lang='lat' dir='ltr'><strong>pertinente</strong></span> <span class='ocrx_word' id='word_1_236' title='bbox 1608 3181 1673 3250; x_wconf 91' lang='lat' dir='ltr'><strong>per</strong></span> <span class='ocrx_word' id='word_1_237' title='bbox 1699 3165 1778 3250; x_wconf 89' lang='lat' dir='ltr'><strong>ipsa</strong></span> <span class='ocrx_word' id='word_1_238' title='bbox 1801 3163 2012 3242; x_wconf 88' lang='lat' dir='ltr'><strong>munimina,</strong></span> <span class='ocrx_word' id='word_1_239' title='bbox 2041 3164 2133 3253; x_wconf 90' lang='lat' dir='ltr'><strong>quod</strong></span> 
     </span>
     <span class='ocr_line' id='line_1_19' title="bbox 282 3281 2136 3408; baseline 0.004 -26"><span class='ocrx_word' id='word_1_240' title='bbox 282 3315 511 3384; x_wconf 87' lang='lat' dir='ltr'><strong>hostenderat</strong></span> <span class='ocrx_word' id='word_1_241' title='bbox 525 3314 601 3402; x_wconf 90' lang='lat' dir='ltr'><strong>ipse</strong></span> <span class='ocrx_word' id='word_1_242' title='bbox 618 3317 753 3402; x_wconf 89' lang='lat' dir='ltr'><strong>petrus,</strong></span> <span class='ocrx_word' id='word_1_243' title='bbox 779 3318 817 3382; x_wconf 92' lang='lat' dir='ltr'><strong>at</strong></span> <span class='ocrx_word' id='word_1_244' title='bbox 839 3281 910 3384; x_wconf 85' lang='lat' dir='ltr'><strong>itta¹</strong></span> <span class='ocrx_word' id='word_1_245' title='bbox 933 3335 1025 3383; x_wconf 82' lang='lat' dir='ltr'><strong>uxor</strong></span> <span class='ocrx_word' id='word_1_246' title='bbox 1048 3316 1125 3384; x_wconf 90' lang='lat' dir='ltr'><strong>eius</strong></span> <span class='ocrx_word' id='word_1_247' title='bbox 1149 3317 1321 3386; x_wconf 83' lang='lat' dir='ltr'><strong>dixerant</strong></span> <span class='ocrx_word' id='word_1_248' title='bbox 1342 3337 1466 3386; x_wconf 88' lang='lat' dir='ltr'><strong>eorum</strong></span> <span class='ocrx_word' id='word_1_249' title='bbox 1483 3319 1680 3406; x_wconf 86' lang='lat' dir='ltr'><strong>pertinere,</strong></span> <span class='ocrx_word' id='word_1_250' title='bbox 1698 3323 1735 3386; x_wconf 91' lang='lat' dir='ltr'><strong>et</strong></span> <span class='ocrx_word' id='word_1_251' title='bbox 1751 3323 1978 3408; x_wconf 81' lang='lat' dir='ltr'><strong>perexpleta</strong></span> <span class='ocrx_word' id='word_1_252' title='bbox 2002 3339 2136 3408; x_wconf 90' lang='lat' dir='ltr'><strong>posses·</strong></span> 
     </span>
     <span class='ocr_line' id='line_1_20' title="bbox 279 3467 2136 3559; baseline 0.004 -23"><span class='ocrx_word' id='word_1_253' title='bbox 279 3469 380 3536; x_wconf 90' lang='lat' dir='ltr'><strong>sione</strong></span> <span class='ocrx_word' id='word_1_254' title='bbox 404 3467 494 3536; x_wconf 91' lang='lat' dir='ltr'><strong>illud</strong></span> <span class='ocrx_word' id='word_1_255' title='bbox 519 3469 771 3557; x_wconf 87' lang='lat' dir='ltr'><strong>possedissent,</strong></span> <span class='ocrx_word' id='word_1_256' title='bbox 787 3471 824 3537; x_wconf 92' lang='lat' dir='ltr'><strong>et</strong></span> <span class='ocrx_word' id='word_1_257' title='bbox 839 3469 952 3556; x_wconf 90' lang='lat' dir='ltr'><strong>ipsam</strong></span> <span class='ocrx_word' id='word_1_258' title='bbox 977 3473 1111 3538; x_wconf 88' lang='lat' dir='ltr'><strong>terram</strong></span> <span class='ocrx_word' id='word_1_259' title='bbox 1136 3490 1215 3538; x_wconf 91' lang='lat' dir='ltr'><strong>cum</strong></span> <span class='ocrx_word' id='word_1_260' title='bbox 1241 3489 1324 3538; x_wconf 87' lang='lat' dir='ltr'><strong>oasa</strong></span> <span class='ocrx_word' id='word_1_261' title='bbox 1346 3470 1415 3556; x_wconf 92' lang='lat' dir='ltr'><strong>ipsi</strong></span> <span class='ocrx_word' id='word_1_262' title='bbox 1439 3473 1562 3558; x_wconf 89' lang='lat' dir='ltr'><strong>petrus</strong></span> <span class='ocrx_word' id='word_1_263' title='bbox 1585 3474 1623 3538; x_wconf 88' lang='lat' dir='ltr'><strong>et</strong></span> <span class='ocrx_word' id='word_1_264' title='bbox 1638 3473 1707 3538; x_wconf 92' lang='lat' dir='ltr'><strong>itta</strong></span> <span class='ocrx_word' id='word_1_265' title='bbox 1730 3471 1969 3559; x_wconf 87' lang='lat' dir='ltr'><strong>possidebant.</strong></span> <span class='ocrx_word' id='word_1_266' title='bbox 1987 3473 2066 3542; x_wconf 90' lang='lat' dir='ltr'><strong>ideo</strong></span> <span class='ocrx_word' id='word_1_267' title='bbox 2082 3473 2136 3544; x_wconf 87' lang='lat' dir='ltr'><strong>iu·</strong></span> 
     </span>
    </p>
   </div>
   <div class='ocr_carea' id='block_1_3' title="bbox 278 3622 2136 3713">
    <p class='ocr_par' dir='ltr' id='par_1_3' title="bbox 278 3622 2136 3713">
     <span class='ocr_line' id='line_1_21' title="bbox 278 3622 2136 3713; baseline 0.001 -21"><span class='ocrx_word' id='word_1_268' title='bbox 278 3627 336 3692; x_wconf 88' lang='lat' dir='ltr'><strong>ter</strong></span> <span class='ocrx_word' id='word_1_269' title='bbox 359 3622 412 3692; x_wconf 89' lang='lat' dir='ltr'><strong>ais</strong></span> <span class='ocrx_word' id='word_1_270' title='bbox 434 3623 632 3694; x_wconf 86' lang='lat' dir='ltr'><strong>iudicatum</strong></span> <span class='ocrx_word' id='word_1_271' title='bbox 657 3627 789 3702; x_wconf 86' lang='lat' dir='ltr'><strong>suerat,</strong></span> <span class='ocrx_word' id='word_1_272' title='bbox 807 3626 847 3692; x_wconf 94' lang='lat' dir='ltr'><strong>ut</strong></span> <span class='ocrx_word' id='word_1_273' title='bbox 863 3625 938 3711; x_wconf 89' lang='lat' dir='ltr'><strong>ipse</strong></span> <span class='ocrx_word' id='word_1_274' title='bbox 961 3625 1056 3692; x_wconf 83' lang='lat' dir='ltr'><strong>illius</strong></span> <span class='ocrx_word' id='word_1_275' title='bbox 1080 3625 1255 3711; x_wconf 89' lang='lat' dir='ltr'><strong>pandonis</strong></span> <span class='ocrx_word' id='word_1_276' title='bbox 1272 3628 1427 3710; x_wconf 89' lang='lat' dir='ltr'><strong>pararet</strong></span> <span class='ocrx_word' id='word_1_277' title='bbox 1449 3627 1577 3694; x_wconf 88' lang='lat' dir='ltr'><strong>sancta</strong></span> <span class='ocrx_word' id='word_1_278' title='bbox 1599 3625 1659 3693; x_wconf 89' lang='lat' dir='ltr'><strong>dei</strong></span> <span class='ocrx_word' id='word_1_279' title='bbox 1680 3626 1900 3712; x_wconf 86' lang='lat' dir='ltr'><strong>evangelia,</strong></span> <span class='ocrx_word' id='word_1_280' title='bbox 1927 3629 1963 3694; x_wconf 91' lang='lat' dir='ltr'><strong>et</strong></span> <span class='ocrx_word' id='word_1_281' title='bbox 1986 3625 2056 3713; x_wconf 92' lang='lat' dir='ltr'><strong>ipsi</strong></span> <span class='ocrx_word' id='word_1_282' title='bbox 2079 3626 2136 3696; x_wconf 87' lang='lat' dir='ltr'><strong>vir</strong></span> 
     </span>
    </p>
   </div>
   <div class='ocr_carea' id='block_1_4' title="bbox 278 3779 2135 3870">
    <p class='ocr_par' dir='ltr' id='par_1_4' title="bbox 278 3779 2135 3870">
     <span class='ocr_line' id='line_1_22' title="bbox 278 3779 2135 3870; baseline -0.002 -18"><span class='ocrx_word' id='word_1_283' title='bbox 278 3781 315 3852; x_wconf 82' lang='lat' dir='ltr'><strong>et</strong></span> <span class='ocrx_word' id='word_1_284' title='bbox 338 3797 431 3848; x_wconf 83' lang='lat' dir='ltr'><strong>uxor</strong></span> <span class='ocrx_word' id='word_1_285' title='bbox 455 3798 520 3866; x_wconf 90' lang='grc' dir='ltr'><strong>ρετ</strong></span> <span class='ocrx_word' id='word_1_286' title='bbox 545 3783 812 3848; x_wconf 89' lang='lat' dir='ltr'><strong>sacramentum</strong></span> <span class='ocrx_word' id='word_1_287' title='bbox 835 3779 882 3848; x_wconf 88' lang='lat' dir='ltr'><strong>ad</strong></span> <span class='ocrx_word' id='word_1_288' title='bbox 905 3779 985 3865; x_wconf 91' lang='lat' dir='ltr'><strong>ipsa</strong></span> <span class='ocrx_word' id='word_1_289' title='bbox 1007 3779 1199 3866; x_wconf 82' lang='lat' dir='ltr'><strong>evangelia</strong></span> <span class='ocrx_word' id='word_1_290' title='bbox 1221 3779 1415 3846; x_wconf 90' lang='lat' dir='ltr'><strong>secundum</strong></span> <span class='ocrx_word' id='word_1_291' title='bbox 1439 3779 1557 3866; x_wconf 85' lang='lat' dir='ltr'><strong>legem</strong></span> <span class='ocrx_word' id='word_1_292' title='bbox 1581 3779 1759 3858; x_wconf 90' lang='lat' dir='ltr'><strong>iurarent,</strong></span> <span class='ocrx_word' id='word_1_293' title='bbox 1788 3783 1828 3848; x_wconf 91' lang='lat' dir='ltr'><strong>ut</strong></span> <span class='ocrx_word' id='word_1_294' title='bbox 1851 3800 1921 3870; x_wconf 91' lang='lat' dir='ltr'><strong>que</strong></span> <span class='ocrx_word' id='word_1_295' title='bbox 1944 3780 2000 3848; x_wconf 93' lang='lat' dir='ltr'><strong>illi</strong></span> <span class='ocrx_word' id='word_1_296' title='bbox 2016 3784 2054 3848; x_wconf 91' lang='lat' dir='ltr'><strong>et</strong></span> <span class='ocrx_word' id='word_1_297' title='bbox 2068 3780 2135 3868; x_wconf 89' lang='lat' dir='ltr'><strong>ipsi</strong></span> 
     </span>
    </p>
   </div>
   <div class='ocr_carea' id='block_1_5' title="bbox 272 3930 2135 5726">
    <p class='ocr_par' dir='ltr' id='par_1_5' title="bbox 272 3930 2135 5726">
     <span class='ocr_line' id='line_1_23' title="bbox 278 3930 2132 4022; baseline 0.005 -22"><span class='ocrx_word' id='word_1_298' title='bbox 278 3935 401 4022; x_wconf 86' lang='lat' dir='ltr'><strong>petrus</strong></span> <span class='ocrx_word' id='word_1_299' title='bbox 424 3936 461 4002; x_wconf 93' lang='lat' dir='ltr'><strong>et</strong></span> <span class='ocrx_word' id='word_1_300' title='bbox 484 3953 625 4002; x_wconf 89' lang='lat' dir='ltr'><strong>marum</strong></span> <span class='ocrx_word' id='word_1_301' title='bbox 648 3933 792 4020; x_wconf 81' lang='lat' dir='ltr'><strong>genitor</strong></span> <span class='ocrx_word' id='word_1_302' title='bbox 815 3936 852 4000; x_wconf 91' lang='lat' dir='ltr'><strong>et</strong></span> <span class='ocrx_word' id='word_1_303' title='bbox 874 3933 1052 4019; x_wconf 81' lang='lat' dir='ltr'><strong>genitrice</strong></span> <span class='ocrx_word' id='word_1_304' title='bbox 1076 3930 1186 4019; x_wconf 88' lang='lat' dir='ltr'><strong>ipsius</strong></span> <span class='ocrx_word' id='word_1_305' title='bbox 1210 3933 1276 4000; x_wconf 92' lang='lat' dir='ltr'><strong>itta</strong></span> <span class='ocrx_word' id='word_1_306' title='bbox 1300 3953 1369 4022; x_wconf 88' lang='lat' dir='ltr'><strong>que</strong></span> <span class='ocrx_word' id='word_1_307' title='bbox 1393 3936 1466 4022; x_wconf 90' lang='lat' dir='ltr'><strong>ipse</strong></span> <span class='ocrx_word' id='word_1_308' title='bbox 1490 3935 1695 4004; x_wconf 89' lang='lat' dir='ltr'><strong>dumnellus</strong></span> <span class='ocrx_word' id='word_1_309' title='bbox 1718 3932 1894 4022; x_wconf 89' lang='lat' dir='ltr'><strong>presbiter</strong></span> <span class='ocrx_word' id='word_1_310' title='bbox 1917 3939 1953 4003; x_wconf 91' lang='lat' dir='ltr'><strong>et</strong></span> <span class='ocrx_word' id='word_1_311' title='bbox 1980 3939 2132 4010; x_wconf 81' lang='lat' dir='ltr'><strong>abbas..</strong></span> 
     </span>
     <span class='ocr_line' id='line_1_24' title="bbox 277 4087 2135 4175; baseline 0.002 -18"><span class='ocrx_word' id='word_1_312' title='bbox 277 4087 384 4158; x_wconf 86' lang='lat' dir='ltr'><strong>abbia</strong></span> <span class='ocrx_word' id='word_1_313' title='bbox 407 4087 519 4174; x_wconf 91' lang='lat' dir='ltr'><strong>ipsius</strong></span> <span class='ocrx_word' id='word_1_314' title='bbox 542 4087 610 4154; x_wconf 88' lang='lat' dir='ltr'><strong>itte</strong></span> <span class='ocrx_word' id='word_1_315' title='bbox 632 4105 697 4174; x_wconf 86' lang='lat' dir='ltr'><strong>per</strong></span> <span class='ocrx_word' id='word_1_316' title='bbox 720 4087 883 4174; x_wconf 85' lang='lat' dir='ltr'><strong>expiatos</strong></span> <span class='ocrx_word' id='word_1_317' title='bbox 906 4087 1061 4173; x_wconf 82' lang='lat' dir='ltr'><strong>triginta</strong></span> <span class='ocrx_word' id='word_1_318' title='bbox 1084 4105 1209 4164; x_wconf 90' lang='lat' dir='ltr'><strong>anuos,</strong></span> <span class='ocrx_word' id='word_1_319' title='bbox 1235 4087 1394 4174; x_wconf 90' lang='lat' dir='ltr'><strong>qualiter</strong></span> <span class='ocrx_word' id='word_1_320' title='bbox 1417 4088 1495 4175; x_wconf 88' lang='lat' dir='ltr'><strong>ipsa</strong></span> <span class='ocrx_word' id='word_1_321' title='bbox 1520 4091 1619 4158; x_wconf 87' lang='lat' dir='ltr'><strong>terra</strong></span> <span class='ocrx_word' id='word_1_322' title='bbox 1641 4109 1722 4157; x_wconf 93' lang='lat' dir='ltr'><strong>cum</strong></span> <span class='ocrx_word' id='word_1_323' title='bbox 1738 4109 1823 4160; x_wconf 89' lang='lat' dir='ltr'><strong>oasa</strong></span> <span class='ocrx_word' id='word_1_324' title='bbox 1838 4092 2038 4158; x_wconf 88' lang='lat' dir='ltr'><strong>monstrata</strong></span> <span class='ocrx_word' id='word_1_325' title='bbox 2061 4093 2135 4160; x_wconf 85' lang='lat' dir='ltr'><strong>lua—</strong></span> 
     </span>
     <span class='ocr_line' id='line_1_25' title="bbox 280 4203 2135 4328; baseline 0.002 -18"><span class='ocrx_word' id='word_1_326' title='bbox 280 4245 351 4322; x_wconf 90' lang='lat' dir='ltr'><strong>rat,</strong></span> <span class='ocrx_word' id='word_1_327' title='bbox 380 4262 460 4310; x_wconf 90' lang='lat' dir='ltr'><strong>cum</strong></span> <span class='ocrx_word' id='word_1_328' title='bbox 488 4241 565 4309; x_wconf 89' lang='lat' dir='ltr'><strong>viee</strong></span> <span class='ocrx_word' id='word_1_329' title='bbox 588 4242 632 4309; x_wconf 89' lang='lat' dir='ltr'><strong>da</strong></span> <span class='ocrx_word' id='word_1_330' title='bbox 655 4241 735 4328; x_wconf 90' lang='lat' dir='ltr'><strong>ipsa</strong></span> <span class='ocrx_word' id='word_1_331' title='bbox 757 4249 859 4312; x_wconf 89' lang='lat' dir='ltr'><strong>curte</strong></span> <span class='ocrx_word' id='word_1_332' title='bbox 883 4243 920 4309; x_wconf 92' lang='lat' dir='ltr'><strong>et</strong></span> <span class='ocrx_word' id='word_1_333' title='bbox 942 4241 1017 4328; x_wconf 90' lang='lat' dir='ltr'><strong>ipso</strong></span> <span class='ocrx_word' id='word_1_334' title='bbox 1041 4242 1164 4310; x_wconf 88' lang='lat' dir='ltr'><strong>andito</strong></span> <span class='ocrx_word' id='word_1_335' title='bbox 1188 4243 1234 4310; x_wconf 90' lang='lat' dir='ltr'><strong>da</strong></span> <span class='ocrx_word' id='word_1_336' title='bbox 1258 4241 1419 4320; x_wconf 88' lang='lat' dir='ltr'><strong>meridie,</strong></span> <span class='ocrx_word' id='word_1_337' title='bbox 1445 4243 1683 4328; x_wconf 88' lang='lat' dir='ltr'><strong>possedissent</strong></span> <span class='ocrx_word' id='word_1_338' title='bbox 1698 4245 1735 4310; x_wconf 92' lang='lat' dir='ltr'><strong>et</strong></span> <span class='ocrx_word' id='word_1_339' title='bbox 1751 4243 2008 4322; x_wconf 90' lang='lat' dir='ltr'><strong>dominassent,</strong></span> <span class='ocrx_word' id='word_1_340' title='bbox 2026 4203 2135 4314; x_wconf 38' lang='lat' dir='ltr'>eble-</span> 
     </span>
     <span class='ocr_line' id='line_1_26' title="bbox 275 4397 2134 4486; baseline 0.001 -20"><span class='ocrx_word' id='word_1_341' title='bbox 275 4397 379 4485; x_wconf 83' lang='lat' dir='ltr'><strong>gibus</strong></span> <span class='ocrx_word' id='word_1_342' title='bbox 402 4399 454 4466; x_wconf 90' lang='lat' dir='ltr'><strong>eis</strong></span> <span class='ocrx_word' id='word_1_343' title='bbox 477 4398 687 4486; x_wconf 86' lang='lat' dir='ltr'><strong>pertineret,</strong></span> <span class='ocrx_word' id='word_1_344' title='bbox 706 4400 743 4464; x_wconf 91' lang='lat' dir='ltr'><strong>at</strong></span> <span class='ocrx_word' id='word_1_345' title='bbox 765 4399 885 4484; x_wconf 89' lang='lat' dir='ltr'><strong>parati</strong></span> <span class='ocrx_word' id='word_1_346' title='bbox 908 4399 1015 4466; x_wconf 89' lang='lat' dir='ltr'><strong>erant</strong></span> <span class='ocrx_word' id='word_1_347' title='bbox 1038 4415 1119 4464; x_wconf 87' lang='lat' dir='ltr'><strong>oum</strong></span> <span class='ocrx_word' id='word_1_348' title='bbox 1142 4397 1464 4465; x_wconf 86' lang='lat' dir='ltr'><strong>sacramentalibus</strong></span> <span class='ocrx_word' id='word_1_349' title='bbox 1487 4399 1562 4464; x_wconf 90' lang='lat' dir='ltr'><strong>suis</strong></span> <span class='ocrx_word' id='word_1_350' title='bbox 1578 4397 1773 4464; x_wconf 89' lang='lat' dir='ltr'><strong>secundum</strong></span> <span class='ocrx_word' id='word_1_351' title='bbox 1796 4398 1915 4484; x_wconf 84' lang='lat' dir='ltr'><strong>legem</strong></span> <span class='ocrx_word' id='word_1_352' title='bbox 1929 4417 2134 4466; x_wconf 87' lang='lat' dir='ltr'><strong>sacraman-</strong></span> 
     </span>
     <span class='ocr_line' id='line_1_27' title="bbox 276 4551 2133 4641; baseline -0.001 -19"><span class='ocrx_word' id='word_1_353' title='bbox 276 4557 351 4622; x_wconf 93' lang='lat' dir='ltr'><strong>tum</strong></span> <span class='ocrx_word' id='word_1_354' title='bbox 376 4554 492 4641; x_wconf 89' lang='lat' dir='ltr'><strong>ipsum</strong></span> <span class='ocrx_word' id='word_1_355' title='bbox 516 4555 732 4641; x_wconf 87' lang='lat' dir='ltr'><strong>persolvere.</strong></span> <span class='ocrx_word' id='word_1_356' title='bbox 758 4555 813 4621; x_wconf 90' lang='lat' dir='ltr'><strong>set</strong></span> <span class='ocrx_word' id='word_1_357' title='bbox 836 4555 1028 4640; x_wconf 86' lang='lat' dir='ltr'><strong>antequam</strong></span> <span class='ocrx_word' id='word_1_358' title='bbox 1053 4553 1142 4620; x_wconf 91' lang='lat' dir='ltr'><strong>illud</strong></span> <span class='ocrx_word' id='word_1_359' title='bbox 1165 4553 1424 4640; x_wconf 78' lang='lat' dir='ltr'><strong>persultarent,</strong></span> <span class='ocrx_word' id='word_1_360' title='bbox 1449 4555 1626 4622; x_wconf 87' lang='lat' dir='ltr'><strong>venerant</strong></span> <span class='ocrx_word' id='word_1_361' title='bbox 1648 4551 1732 4622; x_wconf 89' lang='lat' dir='ltr'><strong>inda</strong></span> <span class='ocrx_word' id='word_1_362' title='bbox 1755 4553 1851 4622; x_wconf 89' lang='lat' dir='ltr'><strong>inter</strong></span> <span class='ocrx_word' id='word_1_363' title='bbox 1875 4572 1913 4621; x_wconf 91' lang='lat' dir='ltr'><strong>se</strong></span> <span class='ocrx_word' id='word_1_364' title='bbox 1937 4553 1984 4622; x_wconf 91' lang='lat' dir='ltr'><strong>ad</strong></span> <span class='ocrx_word' id='word_1_365' title='bbox 2007 4571 2133 4621; x_wconf 90' lang='lat' dir='ltr'><strong>conve·</strong></span> 
     </span>
     <span class='ocr_line' id='line_1_28' title="bbox 275 4705 2132 4795; baseline 0 -19"><span class='ocrx_word' id='word_1_366' title='bbox 275 4707 444 4777; x_wconf 91' lang='lat' dir='ltr'><strong>nientiam</strong></span> <span class='ocrx_word' id='word_1_367' title='bbox 466 4757 474 4786; x_wconf 92' lang='lat'><strong>,</strong></span> <span class='ocrx_word' id='word_1_368' title='bbox 500 4712 537 4775; x_wconf 89' lang='lat' dir='ltr'><strong>et</strong></span> <span class='ocrx_word' id='word_1_369' title='bbox 559 4707 634 4794; x_wconf 90' lang='lat' dir='ltr'><strong>ipse</strong></span> <span class='ocrx_word' id='word_1_370' title='bbox 657 4708 752 4776; x_wconf 84' lang='lat' dir='ltr'><strong>illius</strong></span> <span class='ocrx_word' id='word_1_371' title='bbox 775 4707 951 4795; x_wconf 88' lang='lat' dir='ltr'><strong>pandonis</strong></span> <span class='ocrx_word' id='word_1_372' title='bbox 974 4727 1039 4795; x_wconf 88' lang='grc' dir='ltr'><strong>ρετ</strong></span> <span class='ocrx_word' id='word_1_373' title='bbox 1062 4708 1265 4794; x_wconf 89' lang='lat' dir='ltr'><strong>susceptum</strong></span> <span class='ocrx_word' id='word_1_374' title='bbox 1289 4707 1470 4794; x_wconf 85' lang='lat' dir='ltr'><strong>launegilt</strong></span> <span class='ocrx_word' id='word_1_375' title='bbox 1492 4706 1690 4776; x_wconf 88' lang='lat' dir='ltr'><strong>donaverat</strong></span> <span class='ocrx_word' id='word_1_376' title='bbox 1712 4705 1764 4774; x_wconf 91' lang='lat' dir='ltr'><strong>eis</strong></span> <span class='ocrx_word' id='word_1_377' title='bbox 1788 4707 1905 4793; x_wconf 90' lang='lat' dir='ltr'><strong>ipsum</strong></span> <span class='ocrx_word' id='word_1_378' title='bbox 1929 4726 2132 4776; x_wconf 87' lang='lat' dir='ltr'><strong>sacramen-</strong></span> 
     </span>
     <span class='ocr_line' id='line_1_29' title="bbox 276 4861 2130 4952; baseline -0.001 -20"><span class='ocrx_word' id='word_1_379' title='bbox 276 4869 382 4942; x_wconf 91' lang='lat' dir='ltr'><strong>tum;</strong></span> <span class='ocrx_word' id='word_1_380' title='bbox 419 4868 455 4950; x_wconf 89' lang='lat' dir='ltr'><strong>et</strong></span> <span class='ocrx_word' id='word_1_381' title='bbox 478 4864 553 4951; x_wconf 92' lang='lat' dir='ltr'><strong>ipsa</strong></span> <span class='ocrx_word' id='word_1_382' title='bbox 575 4863 671 4931; x_wconf 85' lang='lat' dir='ltr'><strong>filius</strong></span> <span class='ocrx_word' id='word_1_383' title='bbox 695 4862 869 4952; x_wconf 87' lang='lat' dir='ltr'><strong>pandonis</strong></span> <span class='ocrx_word' id='word_1_384' title='bbox 893 4862 1190 4930; x_wconf 79' lang='lat' dir='ltr'><strong>manifestaverat</strong></span> <span class='ocrx_word' id='word_1_385' title='bbox 1227 4862 1296 4949; x_wconf 92' lang='lat' dir='ltr'><strong>ipsi</strong></span> <span class='ocrx_word' id='word_1_386' title='bbox 1318 4863 1392 4932; x_wconf 89' lang='lat' dir='ltr'><strong>filio</strong></span> <span class='ocrx_word' id='word_1_387' title='bbox 1416 4862 1574 4950; x_wconf 85' lang='lat' dir='ltr'><strong>iaquinti</strong></span> <span class='ocrx_word' id='word_1_388' title='bbox 1596 4861 1643 4930; x_wconf 87' lang='lat' dir='ltr'><strong>ad</strong></span> <span class='ocrx_word' id='word_1_389' title='bbox 1666 4861 1746 4948; x_wconf 86' lang='lat' dir='ltr'><strong>ipsa</strong></span> <span class='ocrx_word' id='word_1_390' title='bbox 1769 4861 1839 4932; x_wconf 87' lang='lat' dir='ltr'><strong>itta</strong></span> <span class='ocrx_word' id='word_1_391' title='bbox 1874 4862 1918 4930; x_wconf 93' lang='lat' dir='ltr'><strong>de</strong></span> <span class='ocrx_word' id='word_1_392' title='bbox 1952 4865 2029 4932; x_wconf 87' lang='lat' dir='ltr'><strong>tota</strong></span> <span class='ocrx_word' id='word_1_393' title='bbox 2052 4863 2130 4951; x_wconf 85' lang='lat' dir='ltr'><strong>ipsa</strong></span> 
     </span>
     <span class='ocr_line' id='line_1_30' title="bbox 274 5015 2129 5106; baseline 0 -20"><span class='ocrx_word' id='word_1_394' title='bbox 274 5021 374 5086; x_wconf 87' lang='lat' dir='ltr'><strong>terra</strong></span> <span class='ocrx_word' id='word_1_395' title='bbox 396 5037 477 5086; x_wconf 92' lang='lat' dir='ltr'><strong>cum</strong></span> <span class='ocrx_word' id='word_1_396' title='bbox 501 5021 585 5086; x_wconf 81' lang='lat' dir='ltr'><strong>casa</strong></span> <span class='ocrx_word' id='word_1_397' title='bbox 608 5035 673 5104; x_wconf 89' lang='lat' dir='ltr'><strong>per</strong></span> <span class='ocrx_word' id='word_1_398' title='bbox 696 5016 906 5104; x_wconf 85' lang='lat' dir='ltr'><strong>supradicta</strong></span> <span class='ocrx_word' id='word_1_399' title='bbox 928 5019 997 5085; x_wconf 87' lang='lat' dir='ltr'><strong>fine</strong></span> <span class='ocrx_word' id='word_1_400' title='bbox 1021 5021 1057 5086; x_wconf 91' lang='lat' dir='ltr'><strong>et</strong></span> <span class='ocrx_word' id='word_1_401' title='bbox 1079 5017 1124 5085; x_wconf 90' lang='lat' dir='ltr'><strong>de</strong></span> <span class='ocrx_word' id='word_1_402' title='bbox 1146 5017 1226 5105; x_wconf 91' lang='lat' dir='ltr'><strong>ipsa</strong></span> <span class='ocrx_word' id='word_1_403' title='bbox 1249 5017 1326 5084; x_wconf 89' lang='lat' dir='ltr'><strong>vioe</strong></span> <span class='ocrx_word' id='word_1_404' title='bbox 1350 5017 1394 5086; x_wconf 90' lang='lat' dir='ltr'><strong>de</strong></span> <span class='ocrx_word' id='word_1_405' title='bbox 1417 5017 1493 5106; x_wconf 92' lang='lat' dir='ltr'><strong>ipso</strong></span> <span class='ocrx_word' id='word_1_406' title='bbox 1517 5015 1653 5094; x_wconf 86' lang='lat' dir='ltr'><strong>andito,</strong></span> <span class='ocrx_word' id='word_1_407' title='bbox 1672 5017 1708 5084; x_wconf 92' lang='lat' dir='ltr'><strong>et</strong></span> <span class='ocrx_word' id='word_1_408' title='bbox 1724 5015 1768 5084; x_wconf 86' lang='lat' dir='ltr'><strong>da</strong></span> <span class='ocrx_word' id='word_1_409' title='bbox 1792 5017 1871 5104; x_wconf 89' lang='lat' dir='ltr'><strong>ipsa</strong></span> <span class='ocrx_word' id='word_1_410' title='bbox 1895 5020 2009 5096; x_wconf 87' lang='lat' dir='ltr'><strong>curte,</strong></span> <span class='ocrx_word' id='word_1_411' title='bbox 2037 5019 2129 5105; x_wconf 89' lang='lat' dir='ltr'><strong>quod</strong></span> 
     </span>
     <span class='ocr_line' id='line_1_31' title="bbox 273 5167 2129 5263; baseline 0.002 -23"><span class='ocrx_word' id='word_1_412' title='bbox 273 5174 347 5263; x_wconf 89' lang='lat' dir='ltr'><strong>ipse</strong></span> <span class='ocrx_word' id='word_1_413' title='bbox 369 5174 465 5248; x_wconf 87' lang='lat' dir='ltr'><strong>tilius</strong></span> <span class='ocrx_word' id='word_1_414' title='bbox 487 5167 661 5261; x_wconf 89' lang='lat' dir='ltr'><strong>pandonis</strong></span> <span class='ocrx_word' id='word_1_415' title='bbox 685 5175 961 5252; x_wconf 87' lang='lat' dir='ltr'><strong>monstraverat,</strong></span> <span class='ocrx_word' id='word_1_416' title='bbox 988 5177 1028 5242; x_wconf 93' lang='lat' dir='ltr'><strong>ut</strong></span> <span class='ocrx_word' id='word_1_417' title='bbox 1051 5192 1117 5242; x_wconf 91' lang='lat' dir='ltr'><strong>nec</strong></span> <span class='ocrx_word' id='word_1_418' title='bbox 1141 5173 1215 5260; x_wconf 90' lang='lat' dir='ltr'><strong>ipsa</strong></span> <span class='ocrx_word' id='word_1_419' title='bbox 1238 5170 1331 5242; x_wconf 85' lang='lat' dir='ltr'><strong>illius</strong></span> <span class='ocrx_word' id='word_1_420' title='bbox 1354 5172 1542 5260; x_wconf 90' lang='lat' dir='ltr'><strong>pandonis,</strong></span> <span class='ocrx_word' id='word_1_421' title='bbox 1568 5190 1633 5242; x_wconf 89' lang='lat' dir='ltr'><strong>nec</strong></span> <span class='ocrx_word' id='word_1_422' title='bbox 1657 5172 1734 5242; x_wconf 91' lang='lat' dir='ltr'><strong>eius</strong></span> <span class='ocrx_word' id='word_1_423' title='bbox 1757 5173 1920 5252; x_wconf 87' lang='lat' dir='ltr'><strong>heredes,</strong></span> <span class='ocrx_word' id='word_1_424' title='bbox 1946 5193 2011 5244; x_wconf 92' lang='lat' dir='ltr'><strong>nec</strong></span> <span class='ocrx_word' id='word_1_425' title='bbox 2036 5176 2129 5244; x_wconf 91' lang='lat' dir='ltr'><strong>ullus</strong></span> 
     </span>
     <span class='ocr_line' id='line_1_32' title="bbox 272 5279 2128 5415; baseline 0.001 -18"><span class='ocrx_word' id='word_1_426' title='bbox 272 5304 462 5415; x_wconf 43' lang='lat' dir='ltr'><strong>homo&#39;pro</strong></span> <span class='ocrx_word' id='word_1_427' title='bbox 489 5327 565 5396; x_wconf 89' lang='lat' dir='ltr'><strong>eius</strong></span> <span class='ocrx_word' id='word_1_428' title='bbox 588 5328 692 5415; x_wconf 89' lang='lat' dir='ltr'><strong>parte</strong></span> <span class='ocrx_word' id='word_1_429' title='bbox 716 5325 889 5414; x_wconf 86' lang='lat' dir='ltr'><strong>cumipse</strong></span> <span class='ocrx_word' id='word_1_430' title='bbox 911 5326 985 5394; x_wconf 90' lang='lat' dir='ltr'><strong>lllio</strong></span> <span class='ocrx_word' id='word_1_431' title='bbox 1008 5325 1176 5413; x_wconf 84' lang='lat' dir='ltr'><strong>iaquinti,</strong></span> <span class='ocrx_word' id='word_1_432' title='bbox 1195 5345 1260 5394; x_wconf 87' lang='lat' dir='ltr'><strong>nac</strong></span> <span class='ocrx_word' id='word_1_433' title='bbox 1284 5346 1365 5394; x_wconf 88' lang='lat' dir='ltr'><strong>eum</strong></span> <span class='ocrx_word' id='word_1_434' title='bbox 1388 5327 1467 5414; x_wconf 91' lang='lat' dir='ltr'><strong>ipsa</strong></span> <span class='ocrx_word' id='word_1_435' title='bbox 1492 5279 1571 5404; x_wconf 79' lang='lat' dir='ltr'><strong>itta,</strong></span> <span class='ocrx_word' id='word_1_436' title='bbox 1590 5345 1655 5393; x_wconf 90' lang='lat' dir='ltr'><strong>uec</strong></span> <span class='ocrx_word' id='word_1_437' title='bbox 1678 5345 1758 5394; x_wconf 90' lang='lat' dir='ltr'><strong>cum</strong></span> <span class='ocrx_word' id='word_1_438' title='bbox 1774 5326 1919 5395; x_wconf 87' lang='lat' dir='ltr'><strong>illorum</strong></span> <span class='ocrx_word' id='word_1_439' title='bbox 1938 5329 2128 5399; x_wconf 88' lang='lat' dir='ltr'><strong>heredibus</strong></span> 
     </span>
     <span class='ocr_line' id='line_1_33' title="bbox 273 5481 2129 5570; baseline 0.003 -21"><span class='ocrx_word' id='word_1_440' title='bbox 273 5482 405 5552; x_wconf 83' lang='lat' dir='ltr'><strong>exinde</strong></span> <span class='ocrx_word' id='word_1_441' title='bbox 429 5501 579 5552; x_wconf 86' lang='lat' dir='ltr'><strong>causare</strong></span> <span class='ocrx_word' id='word_1_442' title='bbox 604 5501 674 5551; x_wconf 92' lang='lat' dir='ltr'><strong>non</strong></span> <span class='ocrx_word' id='word_1_443' title='bbox 697 5483 874 5568; x_wconf 88' lang='lat' dir='ltr'><strong>poterent,</strong></span> <span class='ocrx_word' id='word_1_444' title='bbox 898 5500 1012 5568; x_wconf 88' lang='lat' dir='ltr'><strong>nequa</strong></span> <span class='ocrx_word' id='word_1_445' title='bbox 1036 5500 1100 5570; x_wconf 90' lang='lat' dir='ltr'><strong>per</strong></span> <span class='ocrx_word' id='word_1_446' title='bbox 1123 5483 1243 5559; x_wconf 87' lang='lat' dir='ltr'><strong>testas,</strong></span> <span class='ocrx_word' id='word_1_447' title='bbox 1270 5499 1386 5569; x_wconf 89' lang='lat' dir='ltr'><strong>neque</strong></span> <span class='ocrx_word' id='word_1_448' title='bbox 1410 5501 1473 5568; x_wconf 89' lang='lat' dir='ltr'><strong>per</strong></span> <span class='ocrx_word' id='word_1_449' title='bbox 1496 5481 1693 5558; x_wconf 90' lang='lat' dir='ltr'><strong>munimen,</strong></span> <span class='ocrx_word' id='word_1_450' title='bbox 1719 5498 1835 5570; x_wconf 89' lang='lat' dir='ltr'><strong>nequa</strong></span> <span class='ocrx_word' id='word_1_451' title='bbox 1859 5500 1923 5570; x_wconf 90' lang='lat' dir='ltr'><strong>per</strong></span> <span class='ocrx_word' id='word_1_452' title='bbox 1946 5486 2048 5554; x_wconf 85' lang='lat' dir='ltr'><strong>nulle</strong></span> <span class='ocrx_word' id='word_1_453' title='bbox 2071 5504 2129 5554; x_wconf 89' lang='lat' dir='ltr'><strong>ra-</strong></span> 
     </span>
     <span class='ocr_line' id='line_1_34' title="bbox 277 5635 2128 5726; baseline 0.001 -22"><span class='ocrx_word' id='word_1_454' title='bbox 277 5637 386 5715; x_wconf 91' lang='lat' dir='ltr'><strong>tione,</strong></span> <span class='ocrx_word' id='word_1_455' title='bbox 411 5636 605 5724; x_wconf 84' lang='lat' dir='ltr'><strong>sicutipse</strong></span> <span class='ocrx_word' id='word_1_456' title='bbox 627 5637 730 5706; x_wconf 87' lang='lat' dir='ltr'><strong>carta</strong></span> <span class='ocrx_word' id='word_1_457' title='bbox 752 5637 924 5714; x_wconf 90' lang='lat' dir='ltr'><strong>continet,</strong></span> <span class='ocrx_word' id='word_1_458' title='bbox 949 5636 1085 5723; x_wconf 89' lang='lat' dir='ltr'><strong>scripta</strong></span> <span class='ocrx_word' id='word_1_459' title='bbox 1107 5653 1172 5723; x_wconf 90' lang='lat' dir='ltr'><strong>per</strong></span> <span class='ocrx_word' id='word_1_460' title='bbox 1195 5635 1398 5706; x_wconf 83' lang='lat' dir='ltr'><strong>mirandum</strong></span> <span class='ocrx_word' id='word_1_461' title='bbox 1423 5637 1618 5714; x_wconf 88' lang='lat' dir='ltr'><strong>notarium,</strong></span> <span class='ocrx_word' id='word_1_462' title='bbox 1635 5635 1672 5705; x_wconf 91' lang='lat' dir='ltr'><strong>in</strong></span> <span class='ocrx_word' id='word_1_463' title='bbox 1688 5653 1798 5724; x_wconf 85' lang='lat' dir='ltr'><strong>quam</strong></span> <span class='ocrx_word' id='word_1_464' title='bbox 1821 5637 2014 5726; x_wconf 88' lang='lat' dir='ltr'><strong>subscripti</strong></span> <span class='ocrx_word' id='word_1_465' title='bbox 2043 5643 2128 5708; x_wconf 87' lang='lat' dir='ltr'><strong>suut</strong></span> 
     </span>
    </p>
   </div>
   <div class='ocr_carea' id='block_1_6' title="bbox 272 5787 2130 5882">
    <p class='ocr_par' dir='ltr' id='par_1_6' title="bbox 272 5787 2130 5882">
     <span class='ocr_line' id='line_1_35' title="bbox 272 5787 2130 5882; baseline 0 -21"><span class='ocrx_word' id='word_1_466' title='bbox 272 5794 440 5882; x_wconf 84' lang='lat' dir='ltr'><strong>grimoalt</strong></span> <span class='ocrx_word' id='word_1_467' title='bbox 465 5811 581 5862; x_wconf 87' lang='lat' dir='ltr'><strong>comes</strong></span> <span class='ocrx_word' id='word_1_468' title='bbox 604 5795 642 5862; x_wconf 89' lang='lat' dir='ltr'><strong>at</strong></span> <span class='ocrx_word' id='word_1_469' title='bbox 664 5788 835 5864; x_wconf 87' lang='lat' dir='ltr'><strong>ademarii</strong></span> <span class='ocrx_word' id='word_1_470' title='bbox 858 5792 1017 5870; x_wconf 86' lang='lat' dir='ltr'><strong>iudices,</strong></span> <span class='ocrx_word' id='word_1_471' title='bbox 1042 5790 1262 5868; x_wconf 73' lang='lat' dir='ltr'><strong>Undecimas</strong></span> <span class='ocrx_word' id='word_1_472' title='bbox 1301 5787 1589 5879; x_wconf 87' lang='lat' dir='ltr'><strong>septimodecimo</strong></span> <span class='ocrx_word' id='word_1_473' title='bbox 1624 5808 1717 5860; x_wconf 91' lang='lat' dir='ltr'><strong>anno</strong></span> <span class='ocrx_word' id='word_1_474' title='bbox 1749 5789 1974 5878; x_wconf 79' lang='lat' dir='ltr'><strong>principatus</strong></span> <span class='ocrx_word' id='word_1_475' title='bbox 2007 5792 2130 5862; x_wconf 87' lang='lat' dir='ltr'><strong>domui</strong></span> 
     </span>
    </p>
   </div>
   <div class='ocr_carea' id='block_1_7' title="bbox 0 0 2704 7106">
    <p class='ocr_par' dir='ltr' id='par_1_7' title="bbox 0 0 2704 7106">
     <span class='ocr_line' id='line_1_36' title="bbox 0 0 2704 7106; baseline 0 7"><span class='ocrx_word' id='word_1_476' title='bbox 0 0 2704 7106; x_wconf 95' lang='lat' dir='ltr'><strong> </strong></span> 
     </span>
    </p>
   </div>
  </div>
 </body>
</html>
