5398 7106
995 521 1398 600 billollau'lctls
2015 519 2082 594 281

282 722 379 790 omni
402 723 507 806 parte
530 719 722 786 coniuncta
745 721 800 785 est
822 717 869 786 ad
891 719 962 786 fine
984 717 1228 805 suprascripte
1252 719 1414 797 ecclesie3
1433 717 1479 785 da
1501 717 1760 805 septemtrione
1783 719 1852 786 dne
1875 717 2141 806 auditumque

282 874 383 943 badit
405 876 488 942 ante
511 872 591 959 ipsa
614 892 700 941 casa
725 875 763 940 et
786 873 857 941 alie
880 891 963 940 case
986 870 1099 958 ipsius
1122 874 1300 952 ecclesie,
1339 876 1374 941 et
1395 875 1501 942 linem
1526 873 1617 943 facie
1639 874 1683 942 de
1706 876 1809 942 scala
1840 875 2002 951 fabrite,
2043 872 2138 962 quod

281 1029 420 1098 scendit
442 1028 489 1095 da
512 1028 592 1115 ipsa
615 1045 698 1095 casa
720 1029 757 1094 et
780 1028 827 1094 da
850 1027 921 1095 alie
944 1045 1027 1095 case
1051 1027 1163 1114 ipsius
1185 1027 1350 1095 ecclesie.
1388 1027 1482 1096 Abet
1503 1027 1589 1096 inde
1611 1046 1676 1114 per
1698 1027 1854 1096 latitudo
1882 1027 1990 1115 pedes
2013 1029 2138 1096 decem

282 1187 319 1251 et
336 1177 510 1288 medium,
528 1184 566 1248 et
588 1179 635 1248 da
659 1182 764 1267 parte
787 1180 938 1248 orientis
961 1181 998 1247 et
1020 1180 1067 1247 da
1089 1183 1194 1267 parte
1216 1181 1412 1249 occidentis
1435 1183 1545 1250 habet
1567 1201 1631 1269 per
1647 1181 1910 1268 longitudinem
1928 1182 2009 1250 Ana
2031 1183 2142 1270 pedes

294 1335 590 1424 quadtuordecim
615 1336 652 1402 et
675 1333 829 1401 medium
851 1379 859 1410 ‚
883 1337 921 1401 et
942 1334 989 1401 da
1012 1337 1115 1420 parte
1138 1285 1288 1401 meridie
1311 1335 1417 1402 finem
1441 1333 1534 1402 facie
1556 1333 1600 1402 de
1624 1333 1699 1422 ipso
1723 1353 1826 1402 muro
1861 1333 1943 1402 uius
1966 1334 2137 1412 civitatis,

269 1471 391 1557 'habet
413 1507 479 1576 per
501 1487 655 1555 latitudo
678 1486 783 1573 pedes
807 1485 1004 1554 duodecim.
1030 1492 1101 1553 Hec
1124 1489 1247 1554 autern
1270 1487 1434 1575 predicta
1458 1489 1559 1554 terra
1581 1507 1663 1555 cum
1686 1505 1772 1556 casa
1795 1507 1863 1574 per
1885 1485 2078 1558 iamdictas¹
2103 1489 2143 1558 ll·

281 1661 345 1710 nes
369 1645 405 1708 et
428 1641 631 1709 mensurias
654 1641 763 1727 ipsius
787 1641 902 1708 allani
925 1640 1049 1708 clerici
1073 1641 1206 1708 tradidi
1231 1641 1309 1710 Tali
1332 1641 1470 1720 tinore,
1496 1643 1536 1708 ut
1558 1640 1683 1708 amodo
1707 1643 1744 1708 et
1767 1659 1879 1728 usque
1902 1639 2035 1728 viginti
2058 1661 2137 1730 sep-

281 1799 354 1864 tem
380 1795 469 1862 anni
492 1793 661 1880 completi
685 1793 732 1860 ad
755 1811 822 1860 sua
844 1795 882 1859 ct
903 1793 948 1860 de
970 1793 1044 1860 suis
1067 1793 1259 1864 heredibus
1281 1797 1375 1862 esset
1398 1797 1601 1882 potestate,
1626 1795 1728 1863 lobea
1750 1797 1788 1862 et
1809 1795 1926 1863 omnis
1953 1813 2016 1862 sue
2041 1796 2142 1863 utili·

282 1951 367 2018 tatis
392 1949 443 2018 ibi
466 1951 605 2018 iaciant
627 1949 724 2017 iusta
746 1949 944 2024 rationem;
970 1953 1006 2016 et
1031 1967 1139 2036 super
1161 1948 1281 2036 ipsum
1304 1953 1488 2018 astracum
1511 1951 1649 2019 iaciant
1672 1953 1794 2019 iacere
1817 1949 1920 2018 aliud
1943 1953 2141 2030 astracum,

281 2107 405 2175 amodo
428 2109 465 2174 et
488 2123 600 2192 usque
623 2105 760 2173 duobus
784 2104 871 2174 anni
895 2103 1064 2191 completi
1089 2103 1136 2172 ad
1161 2107 1282 2173 traves
1304 2124 1413 2175 venes
1437 2109 1474 2174 et
1496 2106 1752 2182 astraoaturie,
1771 2108 1808 2172 et
1831 2107 1944 2181 calce,
1962 2107 1999 2172 et
2021 2109 2140 2193 petre,

280 2265 317 2328 et
339 2277 466 2334 arena;
484 2261 520 2325 et
542 2259 589 2326 da
612 2259 717 2344 parte
741 2257 892 2326 orientis
916 2261 952 2325 et
974 2258 1021 2326 da
1043 2261 1149 2344 parte
1171 2257 1366 2326 occidentis
1390 2259 1515 2327 cludat
1538 2259 1617 2344 ipsa
1640 2227 1726 2328 casa
1749 2257 1796 2326 da
1819 2259 1937 2345 ipsum
1957 2259 2142 2326 astracum

280 2413 486 2499 suptanum,
504 2414 542 2478 et
557 2429 670 2498 usque
686 2408 798 2498 ipsum
822 2415 1002 2479 astracum
1025 2429 1235 2498 sepianum,
1253 2411 1348 2498 quod
1370 2413 1420 2479 ibi
1445 2415 1564 2480 iacere
1587 2414 1694 2480 debet
1717 2413 1762 2480 ad
1778 2412 1889 2482 vincli
1912 2414 1949 2480 et
1963 2430 2141 2500 spangne,

280 2569 317 2630 et
341 2564 513 2632 intonicet
536 2563 620 2630 illut
643 2563 688 2630 ad
712 2563 811 2632 calce
833 2571 870 2632 et
892 2581 1018 2641 arena,
1036 2565 1073 2632 et
1094 2563 1126 2631 si
1149 2565 1306 2634 boluerit
1330 2565 1555 2634 mineaneum
1580 2568 1702 2633 iacere
1731 2583 1837 2654 super
1860 2565 1938 2653 ipso
1961 2566 2140 2646 anditum,
2272 2566 2273 2569 ’

281 2723 493 2808 potestatem
518 2721 680 2788 habeant
702 2719 798 2787 iusta
822 2719 1025 2797 rationem,
1052 2718 1209 2807 qualiter
1232 2717 1415 2796 voluerit,
1451 2721 1489 2786 et
1511 2718 1572 2786 ubi
1597 2719 1774 2797 meruerit
1808 2718 1846 2786 in
1870 2717 1946 2806 ipso
1970 2739 2073 2788 mure
2096 2721 2142 2788 de

281 2875 360 2960 ipsa
390 2873 487 2940 cives
511 2873 693 2942 insertare
716 2876 893 2961 quantum
919 2876 998 2959 ipsa
1021 2891 1106 2942 casa
1129 2871 1274 2950 retinet,
1292 2875 1405 2939 totum
1429 2871 1513 2940 illut
1536 2871 1701 2940 inserant
1724 2871 1770 2940 ad
1794 2872 1894 2938 calce
1917 2873 1954 2938 et
1976 2829 2079 2958 petre
2103 2875 2143 2940 et

281 3046 404 3104 arena,
424 3031 461 3095 et
484 3047 549 3114 per
572 3028 689 3116 ipsam
712 3030 848 3094 scalam
872 3029 1086 3114 potestatem
1103 3027 1240 3095 habent
1260 3025 1336 3094 illis
1357 3027 1395 3092 et
1416 3024 1621 3092 hominibus
1644 3023 1732 3102 suis,
1749 3027 1787 3091 et
1809 3023 1872 3112 qui
1896 3026 1933 3090 in
1957 3023 2036 3110 ipsa
2051 3042 2139 3092 casa

281 3183 327 3250 ad
350 3157 576 3250 residendum
600 3183 779 3258 miserint,
806 3183 889 3250 inde
913 3181 1106 3250 ascendere
1128 3184 1166 3248 et
1189 3179 1402 3248 descendere
1425 3197 1506 3247 cum
1530 3179 1645 3247 omnis
1668 3165 1815 3247 illorum
1840 3177 2010 3246 utilitatis
2042 3178 2141 3248 iusta

282 3339 469 3415 rationem,
495 3337 533 3404 et
555 3336 691 3405 Ibidem
715 3337 900 3404 resideant
922 3339 959 3402 et
981 3335 1147 3403 havitent
1169 3334 1200 3402 sl
1223 3333 1426 3412 voluerint,
1451 3335 1488 3400 et
1511 3332 1557 3400 ad
1580 3331 1808 3400 residendum
1832 3332 1923 3400 illud
1947 3331 2058 3400 deant
2081 3330 2141 3400 cui

279 3493 471 3568 voluerint,
498 3493 536 3558 et
557 3490 674 3558 omnis
697 3491 786 3576 pede
810 3491 847 3556 et
869 3489 1043 3568 seditura,
1061 3489 1155 3576 quod
1178 3489 1222 3556 de
1245 3488 1325 3574 ipsa
1347 3505 1432 3555 casa
1454 3486 1583 3554 tollere
1606 3489 1644 3554 et
1666 3489 1807 3555 havere
1830 3485 2027 3571 potuerint,
2046 3506 2144 3555 ame-

280 3647 324 3714 do
346 3650 384 3715 et
407 3663 519 3734 usque
542 3645 613 3732 ipsi
636 3644 724 3712 anni
747 3644 929 3730 completi,
943 3645 1068 3710 totum
1091 3641 1181 3709 illud
1204 3641 1273 3708 sivi
1296 3623 1440 3708 abeant,
1466 3640 1618 3706 Tantum
1642 3657 1706 3724 pro
1722 3655 1867 3705 censum
1890 3637 1935 3704 de
1958 3636 2038 3724 ipsa
2061 3639 2138 3704 tra·

279 3798 414 3868 ditione
437 3799 547 3866 deant
569 3797 677 3865 miehi
700 3797 758 3865 vel
781 3797 820 3864 in
842 3799 1006 3884 partibus
1029 3795 1141 3882 ipsius
1165 3794 1327 3873 ecclesie,
1352 3811 1416 3881 per
1438 3811 1543 3862 omne
1566 3813 1702 3861 annum
1725 3792 1769 3860 de
1793 3792 1910 3860 medio
1933 3793 2141 3880 suprascri-

279 3957 340 4040 pto
362 3971 482 4022 mense
505 3955 579 4020 tres
603 3969 732 4020 aureos
756 3955 895 4019 tarenos
918 3969 1038 4027 venos,
1065 3953 1106 4017 ut
1128 3949 1205 4018 sine
1228 3949 1353 4018 iuncta
1377 3949 1520 4018 vadant.
1558 3949 1588 4015 A
1611 3947 1780 4035 completi
1805 3927 1871 4034 ipsi
1897 3947 1985 4016 anni
2009 3947 2140 4016 inclita

281 4105 359 4194 ipsa
381 4127 466 4176 casa
489 4110 621 4176 fabrita
642 4127 724 4175 cum
747 4110 850 4175 ambo
874 4106 953 4194 ipsa
976 4106 1246 4182 astracaclusa
1269 4123 1349 4172 cum
1374 4103 1496 4189 regias
1520 4103 1556 4169 et
1578 4102 1701 4169 claves
1726 4099 1921 4188 adsignent
1943 4102 2054 4172 michi
2077 4104 2138 4172 vel

281 4265 319 4332 in
342 4227 506 4351 partibus
529 4266 776 4352 suprascripte
799 4262 962 4340 ecclesie,
986 4264 1024 4328 e't
1046 4261 1120 4328 illis
1143 4263 1179 4327 et
1201 4259 1416 4336 hominibus,
1435 4257 1529 4346 quod
1552 4255 1684 4326 ibidem
1708 4257 1755 4324 ad
1783 4257 2013 4328 residendum
2037 4259 2142 4328 mise·
2180 4307 2183 4312 ·

280 4392 366 4497 rint,
391 4419 508 4486 licead
533 4419 616 4487 inde
640 4421 740 4486 exire
763 4439 842 4486 oum
867 4417 982 4485 omnis
1005 4417 1150 4484 illorum
1173 4431 1284 4482 causa
1307 4411 1468 4488 movilia,
1485 4414 1523 4479 et
1547 4413 1600 4478 ire
1625 4410 1687 4478 ubi
1711 4411 1879 4489 voluerit,
1898 4411 1975 4478 sine
1998 4415 2142 4481 contra·-

281 4574 411 4641 rietate
435 4591 516 4641 mea
538 4575 595 4639 vel
619 4573 661 4641 de
685 4575 849 4660 partibus
871 4573 1032 4660 predicte
1054 4569 1218 4639 ecclesie.
1254 4567 1355 4635 Unde
1378 4567 1417 4634 in
1440 4584 1481 4634 ee
1504 4565 1623 4632 tinore
1653 4583 1723 4651 per
1746 4565 2030 4633 convenientiam
2053 4583 2142 4652 gua·

280 4727 378 4794 diam
402 4729 512 4796 michi
536 4730 613 4814 lpse
637 4727 786 4794 Alt'anus
809 4725 964 4794 clericus
986 4723 1105 4799 dedit,
1131 4726 1168 4790 et
1189 4721 1432 4789 fideiussorem
1456 4716 1564 4786 michi
1587 4717 1706 4804 posuit
1735 4719 1910 4785 iohannes
1933 4718 2142 4788 atrianense

281 4883 375 4950 illius
397 4883 575 4970 quondam
598 4881 777 4948 iohannis.
803 4882 848 4948 Et
870 4898 935 4967 per
958 4882 1073 4967 ipsam
1096 4876 1269 4964 guadiam
1290 4873 1469 4961 obligavit
1490 4891 1528 4940 se
1551 4873 1589 4938 et
1610 4889 1692 4939 suos
1727 4870 1890 4950 heredes,
1917 4873 1958 4938 ut
1977 4871 2021 4950 si,
2046 4871 2142 4942 sicut

280 5037 444 5124 superius
466 5037 640 5124 scriptum
663 5039 729 5114 est,
755 5055 826 5103 non
849 5033 1140 5120 adimpleverint,
1164 5033 1201 5097 et
1223 5027 1357 5116 aliquit
1379 5027 1463 5096 inde
1487 5025 1798 5104 contradixerint,
1824 5025 2028 5112 peripsam
2051 5045 2141 5112 gua·

279 5191 375 5260 diam
398 5189 573 5277 obligavit
594 5209 631 5256 se
654 5190 730 5277 ipse
754 5189 896 5256 alfanus
919 5188 1072 5256 clericus
1106 5188 1143 5254 et
1164 5192 1248 5252 suos¹
1268 5181 1419 5250 heredes
1452 5197 1664 5268 componere
1689 5179 1798 5247 michi
1835 5177 1976 5267 meique
2000 5197 2142 5248 succes·

282 5297 447 5415 sonibus.
473 5345 530 5411 vel
553 5344 590 5412 in
614 5343 777 5431 partibus
800 5339 910 5429 ipsius
932 5341 1094 5416 ecclesie,
1119 5339 1274 5426 triginta
1297 5338 1380 5406 auri
1403 5335 1534 5404 solidos
1556 5333 1988 5411 constantinianus.Quod
2010 5333 2140 5421 scripsi

287 5519 354 5586 ego
378 5500 552 5568 iohannes
575 5498 749 5566 notarius.
802 5539 805 5542 -

322 5651 350 5743 †
375 5656 448 5739 Ege
471 5655 645 5721 iohannes
668 5651 831 5719 notarius
855 5647 1142 5737 mesubscripsi.

326 5806 354 5896 †
378 5811 453 5895 Ego
474 5806 648 5874 iohannes
673 5805 829 5874 clericus
852 5808 889 5872 et
910 5804 1083 5872 notarius.

353 5927 475 5984 Tenui.
