5452 7108
978 505 1402 582 ulrtonnrlcus
2049 505 2092 580 63

301 699 390 768 dicti
421 718 532 786 usque
555 699 592 766 in
616 697 786 766 iamdicta
809 697 891 778 bia,
918 699 963 766 ud
986 699 1151 768 dissimus
1174 700 1314 788 priores
1337 702 1444 780 flnes3
1471 699 1565 770 intra
1587 701 1701 770 omnis
1725 702 1904 770 iamdicta
1927 702 2029 780 tlnis,
2054 700 2148 769 sicut

292 854 462 942 superius
485 853 632 942 legitur,
658 855 768 923 totam
791 856 827 921 et
849 853 1029 940 integram
1053 855 1167 942 ipsam
1191 857 1296 944 rebus
1319 855 1395 943 ipse
1418 852 1597 944 predictus
1622 856 1715 924 maio
1731 857 1769 923 et
1783 855 1795 922 i
1811 873 1872 942 pse
1888 854 2055 922 iamdicte
2071 875 2149 922 mu-

284 1007 388 1077 lieris
412 1009 553 1088 maria,
578 1012 615 1077 et
637 1009 859 1088 dauserada,
888 1012 925 1077 et
947 1008 1138 1078 adeltruda
1161 965 1369 1078 illut„n0bis
1391 1009 1429 1076 in
1456 1013 1588 1078 sortem
1619 1009 1817 1088 dederunt,
1852 1011 1890 1076 et
1920 1010 2148 1079 tradiderunt

295 1184 478 1235 unacum
501 1164 710 1270 inferiuset
732 1163 975 1252 superiusque,
993 1182 1074 1232 cum
1091 1163 1156 1232 biis
1179 1167 1216 1231 et
1239 1163 1372 1232 anditis
1387 1164 1473 1243 sule,
1491 1183 1572 1232 curn
1595 1165 1711 1253 aquis,
1737 1167 1774 1232 et
1809 1183 1891 1232 curn
1915 1168 2076 1234 omnibus
2091 1184 2148 1232 ea-

291 1338 380 1386 rum
404 1318 651 1406 pertinentiis,
677 1321 784 1408 atque
807 1337 886 1386 cum
908 1319 1029 1386 omnia
1051 1279 1148 1386 intro
1170 1285 1208 1386 se
1232 1321 1400 1396 abentes,
1427 1318 1511 1385 illut
1534 1317 1634 1386 nobis
1657 1317 1696 1385 in
1718 1338 1778 1386 sor
1792 1321 1863 1387 tem
1887 1319 2085 1398 dederunt,
2112 1325 2148 1388 et

289 1470 520 1540 tradiderunt
543 1471 588 1542 ad
611 1491 751 1562 semper
773 1474 950 1542 abendum
973 1477 1010 1542 et
1031 1471 1255 1543 ossidendum
1280 1493 1342 1542 nos
1357 1473 1598 1563 prenominati
1623 1475 1794 1542 iohannes
1817 1477 1854 1540 et
1876 1474 2056 1542 deusdade
2072 1494 2152 1564 pre·
2184 1537 2187 1544 ,

286 1626 405 1695 sbiter
424 1629 463 1727 et
485 1626 734 1728 primicerius,
760 1647 863 1730 quam
888 1628 1078 1729 abnostris
1101 1595 1265 1698 eredibus
1280 1672 1296 1706 ‚‚
1314 1631 1351 1696 et
1374 1627 1581 1696 laciendum
1605 1628 1735 1696 exinde
1763 1627 1885 1696 omnia
1909 1628 2156 1716 quodcumque

286 1781 528 1856 voluerimus,
542 1781 618 1848 sine
631 1779 947 1856 contradictionem
968 1783 1125 1886 ipsorum
1149 1779 1389 1868 predictorum
1405 1781 1517 1868 magi,
1531 1783 1568 1848 et
1585 1777 1713 1858 marie,
1731 1783 1768 1848 et
1783 1775 1988 1860 dauterade,
2002 1783 2038 1848 et
2054 1780 2152 1850 adel-

284 1937 302 2032 t
312 1935 412 2013 rude,
437 1935 540 2006 etde
563 1935 708 2034 illorum
731 1935 897 2004 eredibus
920 1934 1080 2024 aliquam
1105 1935 1388 2024 requisitionem,
1415 1939 1452 2003 et
1477 1957 1543 2024 ego
1568 1956 1590 2004 a
1613 1939 1717 2024 parte
1747 1954 1897 2026 meaque
1921 1933 2091 2013 iohanni,
2116 1937 2153 2010 et

284 2111 356 2177 ego
380 2089 554 2158 deusdede
578 2089 754 2177 presbiter
777 2092 813 2158 et
835 2089 1058 2177 primicerius
1081 2108 1104 2158 a
1126 2091 1229 2177 parte
1253 2109 1334 2158 mea
1357 2087 1521 2158 dedimus
1545 2093 1581 2156 et
1606 2088 1826 2158 tradidimus
1848 2107 1972 2156 eorum
1995 2087 2033 2156 in
2055 2091 2149 2160 sorte

289 2245 470 2342 ⁴abendum
491 2245 537 2318 de
560 2245 647 2332 ipsis
670 2233 753 2312 aliis
776 2247 881 2312 rebus
897 2263 943 2312 ex
955 2243 1215 2332 predictoloco,
1240 2243 1334 2312 sicut
1350 2247 1494 2312 brebem
1506 2221 1629 2311 eorum
1646 2243 1845 2311 continunt.
1872 2244 1916 2310 Et
1938 2241 2150 2310 talemobli-

289 2355 474 2486 gationem
505 2400 606 2468 nobis
628 2399 776 2470 iohanni
799 2401 836 2466 et
858 2396 1026 2466 deusdedi
1048 2397 1224 2485 presbiter
1247 2402 1284 2466 et
1306 2399 1533 2487 primicerius
1549 2401 1711 2493 lecerunt
1726 2399 1800 2502 ipse
1816 2398 1909 2467 maio
1925 2402 1961 2496 et
1975 2399 2049 2486 ipse
2066 2417 2147 2484 pre-

290 2553 385 2622 dicte
409 2553 583 2632 mulieris,
608 2556 645 2622 et
662 2553 921 2656 nobligaberunt
942 2571 980 2620 se
1011 2556 1047 2620 et
1083 2551 1157 2620 suis
1179 2552 1432 2639 obligaberunt
1457 2552 1622 2620 eredibus
1652 2552 1730 2640 ipsa
1746 2551 1952 2638 maria-per
1975 2571 2146 2620 consensu

291 2708 331 2773 et
359 2683 546 2776 boluntate
569 2705 720 2776 adelferi
742 2705 798 2772 vir
821 2708 858 2773 et
879 2705 1064 2774 mundoalt
1085 2724 1201 2782 suum,
1219 2709 1255 2772 et
1278 2705 1476 2774 dauferada
1499 2723 1562 2793 per
1585 2723 1757 2772 consensu
1781 2708 1817 2771 et
1840 2705 2022 2772 voluntate
2045 2705 2141 2774 adel-

293 2861 361 2930 feri
385 2861 442 2962 bir
465 2865 501 2929 et
524 2862 708 2930 mundoalt
731 2881 846 2960 suum,
872 2865 909 2930 et
932 2863 1121 2932 adeltruda
1144 2881 1209 2952 per
1232 2879 1442 2930 consensum
1466 2864 1502 2928 et
1518 2861 1701 2928 voluntate
1718 2859 1912 2968 rolegrimi
1929 2861 1985 2928 bir
2000 2862 2037 2926 et
2052 2879 2152 2928 mun-

288 3015 390 3084 doalt
412 3035 539 3100 suum,
564 3013 814 3103 obligaberunt
836 3034 874 3083 se
898 3013 998 3083 nobis
1021 3017 1058 3082 et
1080 3033 1103 3082 a
1126 3015 1254 3084 nostris
1277 3014 1455 3092 eredibus
1482 3014 1599 3102 quod,
1625 3013 1656 3080 si
1680 3011 1874 3100 aliquando
1897 3019 2053 3101 tempore
2077 3034 2144 3082 anc

292 3169 510 3257 supradicta·
523 3169 696 3274 dibisione
719 3188 841 3237 eorum
865 3167 1069 3248 traditione,
1095 3170 1193 3237 velut
1215 3169 1429 3256 prelegitur,
1449 3171 1637 3236 retornare
1653 3169 1724 3236 aud
1741 3171 1921 3238 remobere
1938 3167 2147 3255 quesierint,

307 3345 372 3414 per
396 3324 558 3412 quamvis
581 3324 693 3394 modis
716 3327 781 3428 aut
803 3343 867 3412 per
890 3273 1131 3414 qualicunque
1154 3323 1302 3392 inbenta
1326 3323 1514 3402 rationem,
1541 3322 1618 3392 ideo
1635 3325 1718 3391 ante
1734 3323 1854 3391 omnia
1870 3321 2144 3410 quinquaginta,

291 3478 402 3548 solidi
426 3479 528 3548 aurei
543 3477 823 3547 constantiniani
846 3479 921 3586 ipse
944 3478 1038 3546 maio
1062 3480 1099 3545 et
1121 3477 1199 3565 ipsa
1222 3473 1388 3544 iamdicte
1412 3476 1586 3556 mulieris,
1615 3497 1680 3580 per
1710 3496 1882 3546 consensu
1907 3480 1943 3544 et
1966 3479 2149 3545 boluntate

306 3635 348 3703 de
373 3634 570 3722 supradicti
586 3633 641 3739 bir
665 3637 703 3704 et
723 3633 909 3702 mundoalt
931 3633 1005 3702 suis
1027 3636 1064 3701 et
1086 3631 1230 3702 illorum
1255 3633 1432 3712 eredibus,
1451 3602 1552 3701 nobis
1575 3631 1726 3736 iohanni
1742 3634 1779 3700 et
1793 3589 1960 3700 deusdedi
1977 3634 2153 3720 presbiter

295 3789 334 3854 et
356 3787 581 3875 primicerius
604 3789 641 3856 et
664 3787 709 3856 ad
734 3787 864 3856 nostris
887 3787 1052 3856 eredibus
1074 3806 1167 3877 pena
1189 3807 1398 3876 componere
1421 3787 1686 3874 obligaberunt,
1705 3789 1742 3854 et
1766 3787 1804 3855 in
1828 3790 1935 3854 antea
1950 3807 2013 3875 per
2029 3787 2153 3856 inbitis

290 3943 425 4012 exinde
449 3944 619 4012 adversus
643 3962 706 4013 nos
735 3962 874 4030 semper
901 3941 1003 4010 taciti
1033 3945 1070 4010 et
1099 3943 1257 4011 contenti
1273 3945 1483 4030 permaneat
1496 3962 1561 4030 per
1591 3943 1834 4030 supradictam
1868 3962 1997 4030 penam
2015 3941 2153 4028 obliga-

297 4103 398 4180 tam3
431 4103 467 4167 et
491 4099 753 4167 reserbabimus
776 4099 872 4166 inter
895 4117 958 4165 nos
981 4093 1074 4165 viam
1098 4096 1143 4164 ad
1167 4116 1388 4166 communem
1412 4097 1450 4165 in
1474 4098 1589 4186 ipsam
1612 4097 1811 4184 portionem
1845 4098 2001 4186 ipsorum
2027 4096 2152 4176 marie,
2278 4151 2282 4158 .

302 4255 339 4320 et
378 4253 599 4332 dauserade,
625 4255 661 4321 et
695 4253 878 4322 edeltrude
913 4256 950 4320 et
982 4253 1134 4340 predicti
1168 4251 1294 4338 magi,
1327 4255 1364 4322 et
1399 4251 1438 4320 in
1461 4253 1540 4340 ipsa
1573 4253 1771 4340 portionem
1801 4256 1923 4320 nostra
1953 4251 2100 4322 iohanni
2124 4255 2189 4320 et·

299 4407 481 4478 deusdedi
497 4407 673 4496 presbiter
696 4409 732 4475 et
756 4407 994 4494 primicerius,
1019 4405 1065 4474 da
1088 4407 1164 4494 ipso
1189 4407 1278 4484 ribo,
1305 4406 1366 4494 qui
1389 4406 1521 4514 dicitur
1544 4407 1698 4476 cirasulo
1729 4411 1767 4476 et
1790 4425 1901 4496 usque
1925 4410 1963 4476 at
1986 4411 2058 4476 tote
2082 4403 2154 4496 ipse

301 4564 425 4630 nostre
447 4562 601 4650 portioni
623 4582 713 4650 erga
733 4563 803 4630 fine
827 4563 955 4640 rebus,
992 4561 1084 4650 quod
1118 4561 1219 4629 modo
1243 4563 1365 4628 tenere
1400 4561 1541 4630 videtur
1573 4543 1697 4631 mauro
1730 4563 1828 4630 illius
1850 4563 1968 4650 petri,
2007 4566 2044 4630 et
2066 4582 2158 4650 erga

300 4714 371 4792 ,tine
388 4717 518 4792 ,nostra
541 4715 688 4784 iohanni
711 4717 748 4782 et
770 4715 938 4784 deusdedi
961 4714 1136 4804 presbiter
1163 4717 1200 4782 et
1222 4713 1472 4802 primicerius,
1497 4717 1533 4783 et
1555 4715 1662 4786 simul
1685 4719 1723 4786 et
1745 4735 1834 4803 erga
1866 4717 1953 4784 tlnes
1977 4719 2081 4786 rebus
2112 4717 2155 4785 de

280 4821 429 4960 'eredes
440 4868 594 4976 *gemma
620 4871 656 4935 et
678 4868 834 4956 qualiter
856 4866 938 4934 radi
961 4866 1136 4934 directum
1152 4867 1300 4954 perflue
1317 4833 1421 4966 rebus
1438 4870 1559 4936 nostra
1574 4867 1725 4936 iohanni
1742 4871 1778 4935 et
1799 4868 1967 4936 deusdedi
1982 4869 2157 4955 presbiter

281 5026 341 5132 ¹et
363 5023 589 5132 primicerius
608 5032 630 5100 ,¹
649 5042 760 5112 usque
783 5023 828 5091 ad
852 5023 927 5111 ipse
951 5022 1093 5090 illorum
1117 5021 1295 5110 portioni;
1323 5024 1415 5091 unde
1439 5025 1535 5092 omui
1559 5028 1717 5112 ternpore
1749 5045 1815 5112 per
1839 5024 1917 5112 ipsa
1939 5025 1998 5092 bia
2020 5045 2160 5113 semper

271 5277 274 5286 Ι
298 5177 352 5245 ire
375 5181 412 5245 et
435 5178 552 5245 redire
568 5178 759 5247 deleamus
782 5197 845 5245 nos
869 5182 906 5245 et
929 5180 1059 5246 nostris
1075 5177 1251 5270 eredibus,
1277 5181 1314 5244 et
1336 5177 1446 5245 omini
1462 5180 1586 5256 nostri,
1604 5183 1641 5246 et
1656 5176 1752 5248 missi
1768 5181 1881 5248 nostri
1897 5200 1976 5249 cum
1991 5180 2157 5248 omnibus

303 5331 433 5400 nostris
457 5330 674 5420 utilitatibus
698 5349 808 5418 usque
832 5330 877 5398 ad
901 5331 976 5420 ipse
992 5283 1146 5418 portioni
1165 5332 1298 5397 nostre.
1313 5333 1349 5395 et
1372 5349 1484 5419 usque
1508 5330 1554 5398 ad
1577 5329 1652 5420 ipso
1670 5332 1826 5436 ribonper
1841 5329 2012 5401 iamdicta
2027 5353 2158 5422 penam

300 5486 520 5574 obligatam„
540 5489 584 5552 Et
606 5505 646 5553 oc
672 5489 813 5554 brebem
837 5485 963 5594 scripsi
985 5503 1051 5569 ego
1074 5484 1263 5552 serrandus
1287 5485 1624 5558 archisubdiaconus
1658 5492 1695 5555 ct
1718 5488 1881 5557 notarius
1903 5491 1941 5556 et
1971 5488 2152 5562 interfuit.

342 5641 369 5732 †
394 5645 468 5730 Ego
493 5642 653 5711 landolsu
886 5591 887 5594 Ἴ
1107 5591 1110 5598 ³

341 5795 370 5887 †
394 5799 469 5882 Ego
493 5795 598 5864 mari.
