5398 7106
1017 472 1423 548 utetuuaurcus
2020 476 2088 550 2d5

295 676 565 768 prehenscrunt
589 671 703 759 ipsam
727 671 858 737 sortem
886 668 932 737 da
956 669 1032 756 ipsa
1055 671 1159 755 parte
1182 667 1354 744 orientis,
1394 669 1551 756 qualiter
1573 667 1737 756 superius
1781 668 1856 736 illis
1879 687 1958 738 eam
1982 671 2144 740 iecerunt

283 850 362 902 esse
388 829 541 917 primam
565 827 726 902 sortem,
752 843 833 892 cum
857 821 1025 891 omnibus
1049 840 1117 909 que
1143 823 1238 888 inter
1263 820 1375 907 ipsam
1399 823 1531 888 sortem
1553 822 1663 898 sunt,
1699 823 1906 911 cunctisque
1930 823 2006 892 eius
2029 825 2139 912 perti-

284 985 442 1061 nentiis,
479 989 617 1050 etcum
643 955 787 1048 bice'de
812 979 971 1056 viasua,
998 978 1043 1046 ad
1068 976 1270 1044 faciendum
1294 977 1338 1084 de
1372 995 1415 1044 ea
1439 976 1511 1044 illis
1546 979 1583 1044 et
1606 977 1751 1044 illorum
1790 977 1981 1046 heredibus
2015 983 2137 1048 omnia
2188 1067 2193 1080 .

286 1141 378 1230 quod
403 1137 594 1214 voluerint,
613 1138 746 1222 absque
769 1131 866 1201 omni
889 1135 1013 1200 nostra
1037 1134 1310 1218 nostrorumque
1334 1127 1523 1198 heredibus
1547 1131 1817 1200 contrarietate.
1851 1135 1895 1200 Et
1917 1151 1982 1220 per
2004 1137 2140 1202 combe-

288 1293 425 1362 nientia
448 1293 514 1378 ipsi
540 1287 794 1358 theudenanda
816 1289 853 1353 et
875 1286 1049 1354 iohannes
1072 1287 1188 1352 mater
1211 1289 1247 1352 et
1270 1285 1357 1362 filia,
1375 1285 1569 1354 secundum
1593 1287 1710 1373 legem
1751 1289 1788 1354 et
1811 1306 2037 1356 romanorum
2061 1307 2143 1357 cou-

292 1446 454 1522 suetudo,
480 1442 651 1531 guadiam
675 1440 776 1509 nobis
799 1415 1043 1526 suprascripte
1068 1442 1207 1526 rogate,
1243 1442 1280 1506 et
1303 1459 1436 1516 mucra,
1463 1443 1499 1506 et
1522 1460 1646 1526 grusa,
1672 1444 1709 1508 et
1731 1441 1916 1519 merenda,
1942 1445 1978 1510 et
2000 1461 2142 1528 gemma

293 1601 468 1670 dederunt
492 1616 628 1665 mecum
654 1596 818 1684 predicta
842 1595 973 1662 iemma
996 1595 1089 1661 esset
1112 1594 1187 1678 ipse
1211 1592 1330 1678 sergio
1354 1593 1432 1661 biro
1456 1611 1577 1671 meus;
1609 1599 1646 1662 et
1669 1595 1865 1663 mediatore
1888 1595 1987 1663 nobis
2020 1614 2144 1682 posue·

293 1759 378 1823 runt
401 1757 539 1822 leonem
564 1752 807 1819 atrianensem
831 1750 945 1818 mium
970 1748 1148 1836 quondam
1173 1745 1292 1832 ligori.
1320 1749 1365 1814 Et
1388 1765 1451 1833 per
1476 1747 1589 1834 ipsam
1605 1748 1776 1834 guadiam
1801 1749 1869 1835 ipsi
1886 1749 2143 1820 theudenanda

294 1913 330 1977 et
354 1911 527 1978 iohannes
549 1911 586 1974 et
609 1906 752 1973 illorum
776 1904 967 1972 heredibus
990 1903 1164 1989 obligavit
1198 1922 1235 1970 se
1259 1908 1295 1968 et
1318 1902 1462 1970 illorum
1499 1899 1648 1970 heredes
1682 1922 1822 1990 semper
1858 1906 2144 1990 permanendum

293 2065 476 2133 nobiscum
503 2067 642 2130 etcum
668 2061 799 2128 nostris
821 2059 1013 2127 heredibus
1036 2057 1074 2127 in
1098 2054 1346 2145 suprascripta
1369 2058 1607 2136 divisionem,
1640 2059 1951 2146 quemammodum
1977 2059 2142 2164 superius

295 2221 443 2306 legitur.
486 2222 528 2285 Et
550 2218 581 2284 si
606 2218 729 2284 taliter
753 2215 790 2282 in
813 2215 1060 2302 suprascripta
1084 2212 1292 2288 divisionem
1318 2213 1393 2280 illis
1424 2215 1460 2280 et
1482 2214 1629 2280 illorum
1665 2215 1856 2282 heredibus
1892 2215 2076 2282 nobiscum
2107 2217 2144 2282 et

295 2395 374 2442 cum
400 2373 532 2442 nostris
555 2371 744 2440 heredibus
764 2369 861 2437 omni
884 2371 1043 2455 tempore
1066 2367 1219 2434 tirmiter
1243 2387 1312 2433 non
1336 2367 1627 2452 permanserint,
1668 2371 1705 2434 et
1727 2372 1976 2456 suprascripta
2011 2373 2067 2437 vel
2096 2389 2141 2458 err

289 2530 343 2597 eis
367 2529 556 2617 quicquam
582 2545 764 2593 removere
787 2527 852 2594 aut
875 2521 1121 2590 contradicere
1146 2523 1427 2608 presumserint‚
1468 2540 1532 2608 per
1555 2523 1633 2609 ipsa
1656 2524 1791 2610 guadia
1816 2544 2033 2612 componere
2056 2526 2145 2593 obli·

289 2685 390 2772 gavit
414 2701 451 2751 se
475 2684 541 2770 ipsi
568 2679 845 2757 theudenauda,
871 2681 908 2746 et
931 2679 1132 2754 iohannes,
1158 2680 1195 2746 et
1218 2647 1362 2744 itiorum
1387 2677 1577 2744 heredibus
1602 2677 1700 2745 nobis
1723 2679 1979 2766 suprascripta
2002 2683 2143 2768 rogata,

287 2843 324 2906 ct
346 2856 482 2914 mucra,
511 2839 547 2903 et
569 2854 690 2923 grase,
717 2837 754 2900 et
776 2832 971 2902 merenda,
997 2835 1034 2897 et
1057 2831 1208 2908 iemma,
1234 2835 1270 2900 et
1296 2831 1426 2898 nostris
1447 2813 1640 2898 'heredibus
1664 2831 1928 2920 quinquaginta
1959 2836 2039 2902 auri
2062 2836 2144 2904 soli·

287 2995 347 3062 dos
370 2993 639 3068 constantin0s;
667 2993 704 3056 et
727 2990 764 3057 in
798 2988 1045 3076 suprascripta
1082 2985 1274 3059 divisione,
1301 2985 1611 3072 quemammodum
1635 2987 1796 3072 superius
1820 2987 1984 3074 legitur,
2010 2989 2083 3057 illis
2105 2993 2143 3058 et

287 3146 430 3216 illorum
455 3147 645 3216 heredibus
669 3146 764 3213 omni
788 3147 948 3228 tempore
964 3139 1146 3209 nobiscnm
1171 3143 1308 3206 etcum
1333 3139 1466 3207 nostris
1490 3141 1681 3208 heredibus
1696 3141 1849 3210 tirmiter
1880 3149 2140 3230 permanerent.

292 3305 383 3393 quod
406 3301 531 3391 scripsi
556 3322 621 3388 ego
645 3303 769 3388 petrus
794 3298 968 3367 notarius.

332 3459 359 3551 †
383 3461 457 3545 Ego
481 3456 700 3546 grimoaldus
725 3474 780 3522 me
804 3453 1013 3539 subscripsi.

333 3613 360 3706 '†
385 3617 459 3701 Ego
486 3615 608 3700 petrus
631 3609 794 3678 notarius
819 3627 874 3677 me
897 3605 1102 3692 subscripsi.

1027 4016 1358 4100 MCXCVIII

1046 4267 1106 4342 Α.
1134 4266 1191 4341 D.
1220 4272 1346 4347 1054

327 4541 354 4631 †
379 4543 417 4607 In
443 4539 585 4606 nomine
609 4537 740 4605 domini
765 4537 1008 4605 tertiodecimo
1032 4557 1128 4606 anno
1151 4539 1375 4626 principatus
1413 4539 1532 4608 domni
1557 4539 1668 4608 nostri
1693 4539 1813 4626 gisulfi
1836 4537 1984 4625 gloriosi
2008 4537 2139 4625 princi-

282 4697 360 4783 pis,
400 4712 519 4762 mense
544 4692 690 4778 magi0,
731 4692 884 4786 septima
908 4691 1112 4761 indictione.
1152 4694 1438 4762 Memoratorium
1463 4696 1597 4762 iactum
1622 4713 1644 4762 a
1667 4713 1723 4762 me
1749 4689 1840 4760 maio
1868 4690 2044 4780 presbiter
2067 4692 2138 4762 filio

284 4849 461 4937 quondam
487 4847 638 4916 maionis
661 4848 705 4915 de
728 4849 845 4916 locum
869 4850 976 4923 rota,
1002 4847 1159 4935 eoquod
1184 4851 1269 4915 ante
1292 4849 1484 4935 subscripti
1508 4851 1615 4917 testes
1639 4867 1703 4936 per
1727 4847 1981 4916 convenientia
2003 4847 2139 4934 guadia

281 5004 368 5072 mihi
392 5004 492 5072 dedit
514 5003 674 5074 sicardus
697 5003 792 5071 iilius
815 5001 1049 5089 suprascripti
1072 5005 1219 5080 maioni,
1237 5003 1274 5070 et
1296 5002 1537 5071 fideiussorem
1561 5003 1650 5072 mihi
1674 5003 1791 5090 posuit
1815 5003 1986 5090 seipsum,
2013 5006 2050 5071 et
2072 5023 2136 5091 per
2265 5049 2269 5056 -

281 5161 395 5248 ipsam
420 5159 583 5248 guadiam
608 5157 785 5245 obligavit
807 5175 844 5224 se
868 5159 903 5224 et
925 5175 1006 5224 suos
1030 5157 1204 5235 heredes,
1230 5161 1270 5225 ut
1293 5158 1414 5226 homni
1438 5161 1596 5246 tempore
1619 5161 1786 5227 lavorare
1811 5178 1949 5227 mecum
1974 5159 2018 5229 ad
2043 5179 2136 5228 com-

280 5307 441 5376 muniter
465 5307 589 5376 inclite
615 5312 721 5377 rebus
737 5309 780 5376 de
797 5309 1000 5387 tavellaria‚
1027 5309 1119 5397 quod
1143 5309 1205 5377 ille
1233 5310 1365 5380 retinet
1389 5311 1488 5380 nasci
1511 5313 1688 5381 nascendo
1712 5316 1861 5400 aparte
1887 5314 2014 5382 domne
2038 5315 2135 5384 theo·
2183 5407 2184 5411 Ἰ

279 5461 365 5530 dore
389 5463 492 5532 etde
516 5464 581 5530 tilii
605 5463 705 5540 eius,
731 5464 768 5530 et
791 5461 917 5548 primis
940 5481 987 5529 ex
1011 5479 1055 5530 ea
1078 5463 1121 5530 de
1147 5463 1229 5530 inde
1253 5463 1372 5533 omnia
1394 5465 1438 5532 de
1462 5465 1539 5553 ipsa
1563 5469 1760 5554 rebusque
1784 5467 1822 5535 in
1847 5471 1950 5555 parte
1973 5464 2134 5538 domnica

283 5617 389 5686 debet
413 5637 501 5696 esse,
516 5622 552 5686 et
576 5618 658 5686 illut
681 5618 780 5686 aliud
804 5621 929 5696 totum,
948 5635 1016 5706 que
1032 5617 1076 5685 de
1100 5616 1177 5704 ipsa
1201 5620 1307 5686 rebus
1330 5619 1473 5686 ebenire
1497 5619 1602 5688 debet
1624 5620 1734 5708 ipsius
1758 5623 1902 5700 sicardi,
1921 5623 1977 5690 vel
2001 5623 2134 5694 adeius

279 5773 440 5853 heredes,
459 5774 658 5844 dividamus
682 5774 773 5844 illud
796 5775 891 5842 inter
915 5794 978 5844 nos
1001 5789 1065 5858 per
1088 5770 1337 5849 medictatem
1352 5771 1482 5841 inclita
1506 5771 1696 5841 medietate
1719 5773 1802 5843 inde
1827 5774 1937 5844 deant
1960 5775 2049 5844 mihi
2078 5777 2134 5843 vei
