5372 7106
880 452 962 532 nn
1005 451 1384 544 enprorsus
1958 383 2014 541 'v'

206 651 302 742 lapis
324 655 379 738 est
400 669 513 740 genus
537 653 728 722 tutamenti
745 655 796 740 (l)
811 656 907 724 hunc
931 654 1228 724 medicamentum
1253 654 1344 743 quod
1370 655 1484 724 utitur
1508 654 1629 744 aquila
1647 657 1697 742 (2)
1713 675 1759 724 ne
1782 675 1863 746 quse
1879 657 1979 726 fraus
1995 654 2058 730 ad·

204 801 333 894 tingat.
360 811 462 873 Hunc
485 805 581 875 enim
604 805 759 894 lapidem
783 825 806 875 a
828 761 1004 895 perhenni
1025 809 1171 877 flumine
1194 808 1322 898 aquila
1344 809 1463 896 posuit
1490 808 1698 896 corporibus
1726 807 1803 878 nidi
1826 808 1883 877 sui
1908 827 1953 876 na
1977 827 2054 876 mo·

202 959 327 1027 lentur
351 961 429 1045 (sic)
453 961 688 1029 molestentur
711 961 740 1044 t)
765 964 808 1030 ab
831 961 953 1050 aliqua
977 965 1134 1030 volucre.
1162 964 1213 1047 (3)
1245 965 1335 1031 Nam
1360 963 1422 1051 qui
1446 963 1653 1050 progeniem
1683 965 1911 1030 conservaret
1935 961 2054 1028 muni-

203 1115 317 1182 torem
341 1112 511 1182 instituit.
529 1115 595 1192 Qui
612 1117 707 1184 hunc
730 1115 887 1202 lapidem
904 1116 1012 1202 gerit:
1031 1133 1153 1182 omnes
1169 1117 1296 1202 gentes
1319 1113 1516 1184 inviolatus
1539 1113 1668 1182 evadit.
1686 1118 1722 1182 et
1737 1113 1960 1182 adversarios
1975 1133 2055 1184 suos

201 1268 295 1356 male
318 1267 511 1368 mulctatus
534 1272 737 1354 exsuperat.
1674 1366 1678 1374 υ

245 1419 352 1506 Lapis
379 1414 586 1508 Eliotropio.
612 1421 805 1507 Eliotropio
827 1420 920 1508 lapis
943 1421 1102 1490 nascitur
1125 1421 1163 1490 in
1186 1421 1358 1508 ethiopia.
1382 1426 1420 1489 et
1442 1441 1564 1510 cypro.
1588 1427 1625 1492 et
1647 1423 1748 1490 libia.
1766 1425 1829 1490 Est
1852 1425 1973 1491 autem
1996 1442 2053 1491 co-

201 1573 279 1640 lore
300 1574 543 1661 smaragdino.
569 1576 698 1662 sangui
722 1575 857 1644 habens
880 1594 1002 1643 venas.
1028 1576 1242 1662 Appellatur
1266 1581 1386 1643 autem
1411 1576 1657 1662 Eliotropium.
1683 1595 1724 1642 eo
1748 1579 1843 1664 quod
1867 1576 1973 1644 vertit
1998 1593 2052 1644 so-

201 1727 285 1794 lem.
310 1726 438 1796 missus
461 1728 556 1796 enim
580 1725 618 1795 in
641 1728 780 1815 pelbem
804 1731 1013 1814 argenteum
1037 1747 1130 1815 aqua
1153 1729 1298 1815 planum
1314 1731 1351 1795 et
1366 1727 1518 1814 positum
1543 1731 1666 1794 contra
1688 1729 1797 1795 solem
1822 1732 1929 1796 vertit
1955 1747 2050 1796 eum.

201 1885 238 1948 et
262 1882 350 1949 facit
372 1882 473 1970 quasi
495 1881 733 1968 sanguineum
758 1884 795 1948 et
816 1885 1019 1949 obscurum.
1044 1883 1276 1950 Consecratus
1300 1884 1351 1968 (4)
1375 1882 1468 1948 enim
1494 1881 1630 1949 videbis
1652 1881 1810 1950 divinam
1835 1882 2047 1967 potentiam.

199 2033 374 2100 Continuo
397 2032 494 2100 enim
518 2029 629 2118 pelvis
651 2032 799 2119 incipiet
820 2050 925 2121 aquae
948 2032 1164 2100 confundere
1187 2032 1351 2100 turbidus
1367 2035 1404 2099 et
1419 2051 1483 2100 aer
1506 2053 1587 2100 cum
1611 2033 1779 2102 tonitruis
1801 2039 1838 2102 et
1853 2036 2052 2122 fulgoribus

200 2189 237 2254 ct
259 2186 392 2274 pluviis
414 2190 451 2254 et
468 2150 649 2272 procellis.
675 2185 762 2254 adeo
780 2188 819 2253 ut
834 2186 944 2252 etiam
968 2185 1124 2272 imperiti
1147 2185 1197 2270 (5)
1213 2185 1411 2271 potentiam
1436 2185 1599 2272 lapidum
1623 2188 1829 2254 terreantur
1851 2191 1888 2255 et
1910 2191 2054 2256 contur-

211 2339 340 2406 bentur
363 2341 483 2408 tantas
506 2339 601 2406 vires
625 2341 662 2406 et
685 2336 892 2406 divinitates
915 2337 1008 2423 lapis
1030 2335 1098 2404 iste
1121 2337 1240 2405 habet.
1277 2337 1447 2404 Preterea
1481 2337 1728 2406 vaticinantur
1759 2341 1795 2405 et
1818 2339 2054 2426 pronuntiant

200 2493 377 2562 futuram.
403 2494 591 2582 perfluvios
613 2493 807 2582 perhennis
829 2497 865 2560 et
888 2491 1058 2560 vocaliter
1079 2509 1144 2579 per
1166 2490 1329 2560 carmina
1352 2490 1396 2558 ad
1418 2489 1583 2576 salutem.

245 2648 436 2716 Corrservat
459 2667 599 2735 quoque
615 2649 665 2734 (6)
689 2648 831 2716 vivendi
854 2648 1060 2718 facultatem
1077 2650 1114 2714 et
1128 2665 1257 2734 corpus
1281 2646 1509 2715 incolumem.
1534 2650 1570 2714 et
1594 2651 1723 2716 bonam
1746 2649 2051 2723 existimationem

201 2807 328 2893 prebet
349 2806 545 2891 gestantes.
570 2806 608 2870 et
629 2821 768 2871 omnem
791 2799 919 2870 veneni
943 2800 1160 2869 ablationem
1184 2805 1221 2868 et
1244 2802 1420 2870 universis
1454 2803 1599 2888 generis
1634 2803 1826 2873 terriculas
1858 2810 2047 2876 ammobet.

202 2965 289 3032 Nam
314 2962 376 3050 qui
398 2963 494 3029 bunc
516 2960 673 3048 lapidem
695 2961 793 3048 gerit
815 2937 1009 3046 numquam
1032 2957 1223 3045 decipitur.
1241 2959 1345 3026 tanta
1367 2961 1422 3025 est
1437 2957 1544 3044 hujus
1560 2957 1692 3044 lapidis
1713 2959 1835 3046 gratia
1851 2979 1874 3029 a
1889 2960 1954 3029 deo
1969 2981 2052 3032 con-

201 3133 302 3185 cessa
324 3113 537 3184 hominibus.
557 3113 622 3181 Hic
637 3113 731 3201 lapis
745 3113 953 3199 eliotropius
969 3112 1079 3180 vertit
1093 3112 1202 3180 solem
1225 3111 1400 3180 inviolata
1422 3111 1577 3178 nomina.
1597 3115 1647 3198 (7)
1665 3113 1781 3199 Igitur
1805 3117 1846 3184 ut
1860 3115 1941 3184 istc.
1959 3116 2049 3204 lapis

202 3267 332 3340 imbres
355 3272 491 3338 evocat.
516 3273 554 3336 et
575 3271 696 3336 cetera
719 3269 770 3353 (8)
794 3283 877 3334 aere
900 3264 1056 3335 ostendit
1076 3265 1279 3333 hominibus
1303 3267 1393 3332 bene
1416 3265 1642 3351 augentibus.

243 3423 350 3511 Lapis
367 3423 552 3491 adamans.
577 3381 758 3490 Adamans
782 3421 832 3506 (9)
856 3423 975 3487 autem
1000 3417 1093 3505 lapis
1116 3418 1327 3486 durissimus
1350 3420 1447 3487 ferro
1469 3421 1506 3486 et
1521 3421 1675 3506 optimus
1699 3421 1859 3490 nascitur
1880 3423 1920 3490 in
1934 3424 2047 3494 india.

198 3577 377 3648 secundus
400 3579 594 3665 posthunc
617 3576 656 3643 in
681 3575 821 3644 arabia.
846 3572 1017 3641 ceteriiu
1041 3593 1163 3660 cypro.
1199 3573 1366 3640 Preterea
1389 3573 1427 3640 ln
1463 3573 1657 3661 philippico
1693 3593 1782 3642 auro
1814 3577 2047 3648 inveniuntur

200 3733 350 3801 similes.
374 3749 496 3801 omnes
519 3733 641 3799 tamen
663 3732 700 3800 et
722 3729 876 3798 colorem
898 3733 936 3798 et
958 3727 1241 3816 magnitudinem
1265 3727 1517 3814 propemodum
1540 3747 1660 3815 paves.
1685 3729 1770 3817 Apti
1793 3734 1877 3799 sunt
1900 3751 1985 3802 vero
2000 3733 2046 3803 ad

196 4020 476 4039 ψ

235 4182 282 4262 (1)
303 4179 339 4242 P.
363 4180 396 4242 in
416 4182 502 4241 nota:
529 4202 541 4235 ι
564 4175 684 4255 upana
704 4179 925 4238 tutamentum
945 4174 1037 4236 forte.
1064 4197 1076 4228 ι

236 4329 286 4411 (2)
306 4329 343 4390 P.
370 4353 383 4384 ι
406 4326 467 4387 hoc
487 4325 720 4386 medicamento
740 4323 843 4382 utitur
864 4320 1002 4402 aquila»
1026 4357 1066 4368 -
1086 4320 1124 4381 A.
1151 4343 1163 4376 ι
1187 4299 1254 4380 Hoc
1274 4316 1571 4397 medicamentoque
1592 4317 1695 4379 utitur
1715 4319 1834 4400 aquila.
1860 4345 1873 4376 ι

238 4476 285 4558 (3)
308 4474 344 4537 Ρ.
372 4499 383 4531 ι
408 4473 500 4534 Hunc
521 4471 607 4533 enim
628 4465 766 4551 lapidem
786 4487 805 4528 a
824 4465 958 4549 perenni
979 4465 1108 4526 flumine
1129 4463 1236 4544 aquila
1257 4463 1401 4544 apposuit
1423 4463 1609 4543 corporibus
1629 4465 1680 4526 sui
1702 4463 1795 4534 nidi.
1818 4485 1858 4528 ne
1884 4467 2047 4534 “iolebtur

190 4631 235 4685 ab
257 4619 365 4699 aliquo
386 4618 527 4685 volucre,
549 4619 648 4695 utque
669 4615 853 4695 progeniem
874 4613 1088 4680 conservaret,
1110 4609 1301 4670 munitorem
1320 4607 1470 4672 instituit.

235 4767 281 4848 (t)
302 4766 339 4828 Ρ.
361 4765 395 4826 iu
415 4768 490 4826 nota
515 4788 527 4820 ι
551 4766 736 4823 consecrato
758 4761 852 4821 forte.
874 4757 936 4819 Sed
958 4758 1109 4836 frequens
1129 4755 1163 4818 in
1183 4754 1244 4818 hac
1265 4755 1495 4836 scriptiuncula
1516 4754 1731 4818 nominativus
1753 4756 1929 4854 absolutus.
1953 4783 1965 4814 ι

234 4914 285 4995 (5)
306 4912 343 4975 Ρ.
367 4911 400 4972 in
421 4929 454 4972 n.
481 4933 493 4966 ι
517 4907 676 4986 imperito
692 4905 845 4984 potentia
866 4902 934 4965 cod.
956 4903 1051 4966 Forte
1072 4903 1129 4981 qut
1150 4901 1331 4981 imperent,
1353 4905 1409 4962 aut
1429 4899 1517 4962 aliud
1537 4899 1652 4963 simile.
1678 4925 1690 4958 ι

232 5059 273 5141 (6)
297 5058 333 5120 Ρ.
361 5081 373 5114 ι
398 5058 568 5120 conservat
588 5053 780 5129 cuicumque
799 5049 931 5110 uiuendi
950 5049 1156 5127 facultatem.
1182 5071 1195 5104 a

236 5204 297 5286 (7).
321 5204 357 5266 Ρ.
380 5203 434 5265 nel
455 5206 538 5263 testo
558 5235 598 5247 -
619 5197 771 5260 involute
790 5197 909 5258 nubila
927 5215 980 5268 -;
1003 5195 1087 5258 uella
1107 5199 1181 5258 note
1200 5228 1240 5238 —
1261 5193 1415 5277 Inviolata
1437 5193 1589 5273 (primum
1610 5193 1780 5256 inculcata
1801 5193 1966 5274 scriptum)
1988 5212 2044 5256 no-

187 5351 294 5411 mina.
318 5385 358 5398 -
377 5349 417 5410 A.
441 5347 593 5409 inviolato
613 5344 745 5406 numine
765 5377 806 5388 —
819 5342 872 5404 nel
893 5345 987 5414 test03
1010 5359 1028 5402 e
1048 5339 1133 5402 uelle
1154 5345 1251 5416 note;
1278 5366 1289 5398 ι
1314 5339 1463 5401 inviolato
1484 5339 1615 5400 numine
1636 5357 1695 5418 ego
1716 5337 1829 5420 scripsi
1850 5337 2043 5414 dubitanter,

180 5494 358 5558 inviotata
380 5493 435 5574 (ex
455 5491 625 5570 involvata)
645 5489 784 5551 nomina.
809 5513 821 5544 ι

232 5638 282 5720 (8)
305 5640 340 5702 Ρ.
365 5641 475 5703 linisce
497 5638 559 5700 alle
580 5636 687 5719 parole
708 5641 878 5698 ct'cetcro.
901 5635 939 5696 A.
962 5631 1042 5714 dopo
1063 5631 1093 5694 le
1114 5633 1201 5693 detta
1220 5632 1328 5713 parole
1349 5646 1485 5709 segne...

229 5782 278 5866 (9)
300 5785 336 5847 Ρ.
360 5804 378 5846 e
399 5787 438 5848 A.
461 5783 611 5847 Adamas.
