5398 7106
1288 491 1460 564 CODEX
1492 493 1759 566 cavensis

1363 791 1646 874 MGLXIV

1362 1070 1421 1144 A.
1449 1066 1506 1141 D.
1536 1067 1658 1142 1052

512 1397 516 1406 ,
624 1331 651 1422 †
679 1334 723 1398 ln
746 1332 887 1399 nomine
910 1332 1043 1400 domini
1069 1332 1248 1400 tricesimo
1271 1335 1399 1419 quarto
1423 1351 1516 1400 66116
1540 1333 1762 1422 principatus
1785 1289 1905 1402 domni
1929 1333 2040 1402 nostri
2063 1331 2268 1420 guaimarii,
2292 1339 2329 1402 ct
2354 1341 2424 1402 161-

574 1481 766 1558 tiodecimo
793 1509 887 1558 anno
910 1489 1060 1558 ducatus
1083 1489 1159 1557 eius
1183 1490 1322 1558 66161116
1346 1493 1383 1556 61
1405 1490 1581 1568 61116611,
1619 1493 1656 1560 61
1678 1492 1814 1559 decimo
1839 1510 1933 1559 anno
1957 1490 2177 1577 principatus
2211 1495 2247 1557 et
2270 1467 2426 1578 ipsorum

575 1643 744 1711 ducatum
768 1644 849 1711 dom
860 1645 897 1710 ni
920 1643 1040 1731 gisulfi
1062 1642 1139 1710 eius
1162 1643 1228 1710 dlii
1251 1643 1376 1710 eximii
1401 1643 1574 1731 principis
1598 1648 1634 1712 et
1656 1646 1780 1724 ducis,
1806 1664 1925 1713 mense
1949 1645 2153 1722 februario,
2194 1645 2320 1732 quinta
2343 1646 2434 1713 indi-

573 1797 702 1865 ctione.
730 1797 1020 1864 Memoratorium
1044 1799 1177 1864 lactum
1203 1816 1225 1864 6
1247 1815 1304 1863 616
1328 1797 1420 1864 ralso
1443 1796 1516 1864 illio
1541 1798 1718 1885 quondam
1742 1799 1823 1866 16111
1845 1817 1886 1866 eo
1903 1798 1995 1886 qudd
2019 1801 2103 1865 ante
2118 1799 2308 1885 subscripti
2325 1802 2431 1866 166166

575 1951 762 2019 richardus
786 1954 823 2019 et
847 1951 990 2020 61161161
1013 1952 1178 2038 germani
1200 1953 1265 2021 tilii
1289 1956 1470 2040 quondam
1494 1955 1577 2023 miri
1601 1954 1712 2022 iudici
1735 1974 1799 2040 pro
1824 1953 1901 2021 bice
1939 1951 2087 2019 ecclesie
2111 1956 2233 2020 666616
2257 1951 2433 2020 (1611116166

574 2107 691 2174 616616
713 2107 858 2173 illorum
883 2107 1119 2192 pertinentis,
1145 2126 1213 2194 que
1236 2111 1445 2176 constructa
1469 2111 1629 2176 estante
1653 2111 1757 2195 porta
1780 2106 1908 2174 maiori
1932 2107 1976 2173 de
1999 2107 2146 2174 castello
2170 2105 2343 2172 6666116,
2369 2123 2432 2190 per

572 2260 873 2330 combenientiam
900 2260 1128 2328 tradiderunt
1151 2260 1260 2328 michi
1284 2261 1327 2328 de
1352 2265 1458 2329 rebus
1482 2263 1593 2350 ipsius
1617 2263 1764 2331 ecclesie
1787 2262 1855 2330 due
1879 2262 1978 2348 pecie
2001 2261 2045 2328 de
2069 2265 2168 2328 terra
2185 2279 2256 2327 uua
2279 2279 2432 2326 cumar-

572 2419 713 2484 bustum
744 2419 780 2482 et
805 2416 879 2484 6116
902 2434 984 2482 6616
1008 2415 1274 2492 6161166161616,
1300 2417 1393 2503 quod
1417 2435 1501 2503 pars
1525 2417 1683 2504 predicte
1706 2417 1855 2484 ecclesie
1880 2418 1963 2484 abet
1986 2415 2023 2482 in
2048 2415 2162 2481 locum
2189 2413 2436 2498 6666116111-

575 2585 635 2635 616
658 2569 763 2656 pocla
786 2571 846 2640 ubi
869 2569 1002 2636 dicitur
1025 2571 1233 2649 floccanum,
1259 2572 1394 2639 616116
1417 2571 1520 2658 peoia
1542 2591 1606 2660 que
1629 2577 1683 2639 661
1706 2591 1729 2639 6
1751 2590 1858 2658 super
1882 2571 1956 2657 ipso
1979 2571 2056 2637 loco
2081 2571 2290 2644 floccanum,
2309 2571 2367 2634 ubi
2393 2572 2434 2635 61

572 2724 770 2810 pratellum
793 2725 952 2801 dicitur,
978 2743 1046 2812 que
1070 2727 1125 2794 est
1147 2745 1211 2812 per
1234 2745 1274 2793 ec
1296 2727 1377 2794 finis
1401 2729 1437 2794 ot
1460 2725 1627 2794 mensure
1650 2727 1752 2794 iusto
1775 2743 1880 2812 passu
1904 2723 2033 2792 ominis
2059 2725 2287 2793 mensurata:
2313 2723 2430 2808 prima

574 2877 677 2962 116616
702 2878 747 2946 (16
771 2879 965 2945 1166666616
990 2896 1058 2964 (166
1081 2881 1135 2944 661
1158 2898 1238 2945 cum
1262 2879 1515 2947 abellanietum
1540 2899 1563 2947 a
1585 2883 1689 2967 parte
1711 2880 1906 2947 occidentis
1929 2879 1997 2945 fine
2022 2881 2081 2944 bia
2104 2879 2205 2954 caba,
2232 2876 2314 2943 inde
2337 2875 2433 2962 passi

577 3033 841 3119 quinquaginta
865 3051 987 3108 unum3
1013 3031 1115 3099 etde
1140 3031 1209 3098 6116
1234 3032 1349 3099 111166
1372 3033 1536 3119 partibus
1559 3033 1628 3100 flue
1651 3033 1764 3120 ipsius
1786 3032 1947 3109 ecclesia
1981 3051 2003 3098 a
2026 3033 2129 3120 parte
2153 3029 2316 3096 meridiei
2339 3029 2436 3114 passi

577 3185 882 3274 quadtuordecim:
909 3205 931 3253 a
947 3189 1047 3272 parte
1062 3185 1208 3253 orientis
1232 3185 1328 3272 passi
1345 3185 1609 3273 quinquaginta
1633 3189 1669 3252 61
1683 3186 1861 3272 gubitum3
1887 3187 2029 3271 aparte
2051 3183 2314 3270 septemtrionis
2333 3185 2428 3269 passi

580 3338 744 3408 undecim
764 3364 772 3414 ς
812 3339 967 3407 secunda
991 3339 1065 3407 6116
1088 3339 1189 3426 116616
1212 3359 1292 3406 cum
1316 3342 1506 3408 arbustum
1531 3339 1567 3407 in
1591 3341 1667 3428 ipso
1691 3341 1767 3408 loco
1791 3340 1988 3427 pratellum
2020 3358 2083 3424 per
2107 3357 2146 3405 ec
2170 3338 2278 3404 tlnis:
2319 3337 2434 3404 (16611

494 3479 497 3484 ’
584 3497 677 3560 omni
702 3497 805 3580 parte
827 3493 896 3560 fine
919 3493 1031 3580 ipsius
1053 3493 1215 3560 ecclesie:
1234 3512 1256 3560 6
1279 3495 1383 3578 parte
1407 3495 1671 3563 sebtemtrionis
1690 3495 1789 3583 'passi
1806 3494 1935 3582 biginti
1952 3493 2141 3581 quadtuor:
2167 3495 2303 3580 aparte
2319 3492 2436 3559 orien-

578 3647 624 3714 tis
649 3647 744 3733 passi
768 3645 921 3732 triginta
947 3667 1055 3714 unum
1079 3651 1115 3749 61
1138 3647 1314 3733 gubitum:
1340 3667 1362 3714 6
1387 3651 1490 3733 parte
1513 3649 1675 3716 lueridiei
1701 3650 1791 3736 possi
1816 3649 1880 3716 alii
1906 3645 2032 3733 biginti
2056 3647 2254 3734 quarituor:
2280 3664 2302 3711 a
2326 3649 2431 3730 parte

578 3776 774 3869 occidentis
798 3800 891 3886 passi
918 3801 1071 3887 triginta
1093 3800 1162 3868 duo
1186 3801 1302 3868 minus
1327 3822 1395 3869 666
1411 3805 1588 3888 gubitum.
1615 3823 1654 3869 66
1678 3822 1761 3869 1616
1777 3801 2013 3888 suprascripti
2037 3803 2138 3868 61616
2154 3800 2252 3886 pecie
2271 3799 2315 3866 de
2332 3803 2434 3867 terra

583 3975 646 4042 per
669 3956 837 4023 iamdicta
865 3956 945 4022 finis
968 3961 1004 4023 et
1027 3974 1217 4032 mensure,
1255 3959 1294 4022 ut
1317 3960 1482 4042 superius
1505 3957 1650 4042 legitur,
1675 3957 1839 4024 inclitum
1863 3957 1947 4022 iiiut
1970 3955 2160 4040 nobissipsi
2183 3957 2347 4039 germani
2372 3973 2435 4040 pro

580 4112 742 4198 116111166
767 4112 877 4196 ipsius
904 4113 1053 4178 ecclesie
1078 4113 1227 4180 tradidit
1264 4131 1344 4180 cum
1369 4112 1490 4180 omnia
1513 4115 1609 4180 insra
1632 4131 1669 4180 se
1693 4113 1881 4180 ababtibus
1915 4117 2055 4178 etcum
2080 4113 2156 4178 1166
2190 4111 2233 4176 (16
2269 4109 2324 4177 116
2347 4128 2423 4182 666,

581 4265 647 4332 1611
670 4267 843 4344 ordinem,
870 4270 910 4334 ut
934 4268 1058 4335 amodo
1082 4272 1118 4334 et
1141 4268 1237 4335 omni
1262 4272 1448 4354 tempore,
1474 4275 1576 4337 66166
1600 4271 1814 4343 nascentes,
1840 4270 1878 4334 61
1901 4286 1982 4334 1666
2006 4267 2062 4333 vel
2086 4266 2129 4333 de
2154 4265 2241 4332 16616
2265 4264 2431 4331 eredibus

581 4421 656 4488 sint
679 4423 864 4506 potcstatis
888 4422 966 4507 ipsa
990 4422 1135 4488 traditio
1158 4421 1241 4489 illut
1264 4442 1322 4489 eos
1347 4426 1469 4489 1611616
1493 4429 1530 4489 61
1553 4424 1730 4498 16161616,
1748 4421 1984 4487 1166616616
2008 4421 2126 4486 666116
2151 4418 2317 4485 utilitatis
2339 4419 2435 4484 iusta

583 4575 755 4642 rationem
782 4575 912 4642 ibidem
936 4576 1120 4652 sacianrus,
1146 4579 1262 4642 61666
1286 4576 1369 4642 illut
1392 4579 1630 4662 pastenemus,
1656 4576 1790 4661 etipse
1815 4577 2000 4642 arbustum
2023 4577 2194 4660 potemus,
2222 4573 2432 4658 propagine-

583 4748 660 4796 mus
684 4735 746 4804 61,
775 4731 834 4796 ubi
860 4730 1060 4808 meruerit,
1086 4731 1124 4796 in
1148 4731 1226 4817 ipsa
1250 4731 1444 4798 traditione
1469 4735 1612 4799 arbores
1636 4735 1672 4798 61
1696 4723 1811 4806 bites,
1852 4731 2077 4797 6161611666
2102 4747 2163 4795 uos
2191 4730 2276 4794 illut
2298 4729 2431 4795 ibidem

583 4885 797 4971 plantemus,
823 4885 933 4951 61616
960 4889 1035 4952 1616
1058 4887 1134 4970 ipsa
1159 4886 1304 4953 traditio
1329 4888 1676 4954 16161616116661161
1700 4889 1736 4952 61
1758 4905 1889 4971 super,
1915 4885 2007 4952 sicut
2030 4887 2127 4951 locus
2151 4887 2225 4970 ipse
2249 4883 2432 4959 meruerit,

585 5042 625 5106 ut
648 5039 685 5106 iu
709 5039 836 5107 melius
859 5041 1047 5126 proficiant
1070 5041 1106 5105 61
1130 5059 1200 5106 non
1223 5040 1465 5125 dispereant,
1507 5045 1543 5106 et
1566 5060 1791 5127 peromnem
1815 5060 1950 5108 annum
1972 5060 2036 5127 per
2060 5043 2217 5126 tempore
2242 5039 2285 5106 de
2309 5038 2429 5104 binde-

584 5195 654 5259 mie
677 5195 714 5259 61
736 5193 780 5260 (16
803 5191 878 5278 ipse
901 5193 1076 5270 abellane,
1103 5193 1244 5279 quando
1269 5193 1330 5258 ille
1354 5193 1501 5259 collecte
1525 5196 1561 5259 et
1583 5196 1688 5262 secke
1712 5193 1936 5270 abuerimus,
1962 5193 2134 5260 faciamus
2158 5211 2220 5259 nos
2244 5195 2281 5258 et
2304 5192 2434 5258 nostris

584 5345 748 5412 eredibus
770 5343 862 5411 66116
886 5344 953 5430 ipsi
976 5345 1140 5430 germani
1163 5348 1199 5412 et
1211 5345 1356 5412 illorum
1381 5347 1547 5413 eredibus
1571 5347 1627 5412 vel
1651 5347 1813 5431 partibus
1829 5346 1940 5432 ipsius
1964 5345 2111 5413 ecclesie
2128 5348 2168 5412 ut
2190 5345 2276 5411 illuc
2300 5345 2434 5430 dirigat

585 5499 730 5566 missum
753 5517 877 5576 suum,
903 5503 941 5565 et
965 5517 1026 5568 nos
1050 5502 1129 5586 ipsa
1151 5498 1298 5566 traditio
1323 5499 1607 5578 bindemiemus,
1634 5503 1670 5567 et
1692 5501 1805 5568 omnis
1828 5503 1951 5569 binum
1975 5519 2083 5587 quam
2107 5499 2188 5566 inde
2212 5496 2369 5573 exierit,
2394 5499 2430 5564 et

585 5653 750 5720 61611666
773 5655 878 5721 666116
902 5653 998 5720 16161
1022 5671 1084 5721 nos
1108 5651 1321 5720 dibidamus:
1340 5671 1402 5720 nos
1427 5653 1596 5720 tollamus
1620 5652 1859 5730 medietatem,
1874 5655 1910 5719 et
1932 5653 2007 5739 ipso
2031 5652 2176 5720 missum
2193 5651 2431 5725 medietatem,

585 5807 777 5876 sortionem
801 5807 844 5874 de
867 5807 944 5893 ipso
968 5805 1090 5874 binum
1115 5807 1207 5894 quod
1231 5805 1267 5872 in
1291 5807 1455 5892 partibus
1481 5805 1592 5891 ipsius
1615 5804 1765 5874 ecclesie
1789 5805 1940 5885 benerit,
1966 5824 2029 5873 nos
2058 5804 2141 5873 illut
2163 5809 2348 5892 portemus·
2366 5803 2437 5870 sal·
