5398 7106
1019 477 1418 550 uiutotln'tltus
2029 477 2095 549 aui

258 639 410 744 ¹sortem
436 639 623 760 evenerit,
647 675 710 742 ille
735 677 790 742 vel
813 693 895 742 suos
918 673 1068 740 heredes
1090 674 1229 740 salbum
1254 671 1344 740 illud
1369 674 1542 758 reponant
1562 633 1664 738 hrtus
1687 671 1763 758 ipso
1787 671 1935 740 tuburio
1949 721 1970 774 ,ι
1993 671 2055 758 qui
2079 671 2149 739 ibi-

278 831 355 898 dem
381 829 479 897 intus
503 830 582 917 ipsa
605 829 720 916 pecie,
746 849 816 917 que
831 829 965 896 dicitur
981 827 1026 896 ad
1042 823 1215 905 casalina,
1241 829 1404 904 fecerint,
1424 826 1463 894 in
1485 844 1647 911 organea
1669 819 1716 892 da
1734 826 1828 905 vino,
1847 847 1916 914 que
1932 846 2016 914 pars
2033 829 2146 916 ipsius

280 983 492 1051 monasterii
515 985 549 1050 ei
573 983 866 1071 assignaverint,
893 982 955 1071 qui
978 983 1184 1070 peripsum
1208 983 1379 1052 alferium
1403 985 1440 1050 et
1464 999 1528 1070 per
1551 1001 1633 1050 suos
1656 981 1780 1050 eredes
1805 999 1871 1070 por
1895 1003 2027 1052 annum
2052 1004 2147 1053 vona

279 1137 350 1204 siat
372 1139 537 1207 conciata
563 1142 599 1206 et
622 1139 784 1207 studiata
806 1158 959 1226 semper,
986 1143 1022 1206 et
1044 1135 1183 1208 salbum
1207 1139 1297 1206 illud
1321 1139 1469 1220 faciant,
1493 1139 1603 1207 donec
1628 1139 1718 1206 illud
1742 1139 1827 1206 inde
1851 1123 2145 1228 tulerirjabsque

281 1294 402 1379 ignem
426 1297 463 1360 et
485 1281 772 1379 generationem.
798 1296 886 1362 Dum
909 1295 1026 1383 ipsum
1051 1295 1199 1363 missurn
1223 1294 1284 1382 qui
1308 1293 1440 1362 ibidem
1464 1293 1669 1363 direxerint
1690 1297 1838 1381 propter
1860 1295 1939 1381 ipsa
1963 1295 2145 1364 vindemia
2223 1345 2229 1358 .

282 1449 519 1534 vigilandum,
545 1452 582 1516 et
606 1452 819 1518 terraticum
842 1451 1101 1537 recipiendum,
1127 1455 1163 1518 et
1186 1471 1317 1540 equum
1341 1471 1444 1518 suurn
1469 1453 1655 1520 nutricant
1677 1453 1875 1520 secundum
1899 1453 2045 1520 illorum
2063 1453 2139 1520 iue-

284 1605 333 1670 rit
356 1603 642 1690 possivilitatem,
666 1607 704 1671 et
727 1605 1023 1691 palmentatioum
1047 1605 1081 1672 ei
1096 1604 1206 1672 deant
1229 1624 1293 1692 per
1307 1602 1423 1671 omnis
1446 1623 1583 1672 annum
1599 1605 1737 1691 gallina
1762 1623 1847 1679 una;
1866 1607 1902 1671 et
1925 1605 2035 1672 liceat
2055 1625 2139 1692 pars

199 1799 201 1806 ·
284 1758 437 1844 predicti
460 1756 667 1828 monasterii
691 1778 911 1847 perannum
936 1744 1147 1847 perquirere
1171 1762 1249 1847 ipsa
1274 1760 1495 1837 traditione,
1531 1763 1568 1826 et
1590 1759 1621 1827 si
1646 1779 1716 1826 non
1739 1763 1833 1827 esset
1857 1781 1950 1828 vona
1973 1763 2142 1828 lavorata

283 1917 321 1980 et
343 1917 509 1991 cultata,
545 1916 654 1983 liceat
676 1915 759 1982 inde
783 1915 1003 2001 pingnerare
1026 1933 1138 2002 usque
1162 1915 1207 1982 ad
1231 1916 1360 2001 legem.
1398 1917 1549 1982 Tantum
1573 1916 1679 2001 quale
1703 1918 1861 2000 ternpore
1898 1917 1935 1982 in
1970 1914 2143 1982 iamdicto

284 2069 434 2138 hordine
458 2071 520 2136 ille
544 2075 600 2136 vel
624 2087 705 2137 suos
727 2069 877 2137 heredes
900 2073 1145 2156 suprascripta
1168 2067 1363 2137 traditione
1386 2073 1508 2135 tenere
1532 2070 1568 2134 et
1584 2071 1750 2137 lavorare
1776 2067 1971 2146 noluerint,
1990 2073 2145 2136 autnon

284 2221 479 2306 potuerint,
506 2222 614 2288 liceat
638 2222 710 2288 illis
734 2221 819 2310 inde
842 2221 944 2290 exire
969 2240 1051 2287 cum
1074 2239 1184 2288 causa
1206 2220 1352 2287 illorum
1376 2220 1546 2297 movilia,
1572 2219 1664 2306 quod
1688 2219 1822 2286 iustum
1846 2219 1980 2294 fuerit,
2006 2222 2042 2285 et
2067 2220 2140 2286 iret

281 2395 362 2443 cum
386 2376 478 2442 illud
503 2377 562 2443 ubi
587 2378 753 2444 voluerit.
790 2379 827 2442 et
849 2373 977 2443 inolita
999 2373 1079 2461 ipsa
1101 2375 1316 2442 tradictione
1351 2394 1415 2462 per
1437 2375 1628 2444 iamdicta's
1650 2377 1738 2442 fines
1761 2379 1798 2443 et
1823 2394 2011 2443 mensuras
2044 2376 2143 2443 Iavo-

289 2535 370 2602 rata
393 2535 430 2598 et
453 2533 593 2598 cultata
615 2551 728 2632 vona,¹
752 2530 909 2634 qualiter
932 2531 1128 2606 meruerit,
1155 2529 1351 2598 remidtant
1375 2529 1419 2597 ad
1444 2533 1655 2618 potestatem
1679 2549 1764 2618 pars
1787 2530 1940 2618 predicti
1965 2535 2144 2598 monaste·
2167 2563 2184 2636 ·¹
2271 2599 2272 2602 ,

284 2685 571 2762 rii-iaciendum
595 2685 677 2752 inde
701 2705 785 2772 pars
809 2682 918 2772 ipsius
940 2685 1103 2753 iamdicti
1120 2686 1328 2754 monasterii
1352 2685 1445 2772 quod
1463 2684 1654 2752 voluerint.
1680 2685 1942 2752 Verumtamen
1958 2684 2042 2751 dum
2059 2685 2135 2770 ipse

283 2838 434 2906 alferius
459 2841 496 2905 et
518 2857 600 2906 suos
623 2839 784 2916 heredes
809 2837 893 2906 dum
917 2838 998 2926 ipsa
1021 2839 1267 2926 suprascripta
1290 2839 1503 2907 tradictione
1528 2843 1566 2906 in
1581 2841 1827 2926 suprascripto
1845 2837 1996 2906 hordine
2021 2839 2145 2904 tenere
2223 2825 2228 2830 ’

282 2996 319 3060 et
341 2993 512 3059 lavorare
537 2993 747 3070 noluerint,
784 2992 860 3078 ipse
883 2992 1111 3079 supradictus
1134 2992 1284 3060 domnus
1307 2991 1525 3060 venerabilis
1548 2994 1658 3060 abbas
1681 2995 1718 3058 et
1741 3010 1822 3058 suos
1845 3009 2066 3059 successores
2088 3011 2146 3060 su·
2264 2979 2265 2982 ¹

281 3146 485 3233 prescripta
509 3145 703 3214 traditione
726 3142 838 3233 ipsius
861 3145 1101 3233 suprascripti
1126 3145 1246 3214 alterii
1270 3147 1308 3212 et
1330 3165 1353 3212 a
1375 3145 1449 3212 suis
1473 3145 1664 3212 heredibus
1687 3146 1876 3214 defensent
1897 3164 1978 3212 cunr
1996 3145 2073 3212 vice
2097 3147 2141 3212 de

284 3302 339 3368 vie
365 3320 428 3368 sue
452 3301 499 3368 da
521 3300 638 3368 omnis
660 3303 795 3368 omines
817 3301 987 3388 omnique
1011 3300 1188 3386 partibus,
1213 3305 1250 3368 et
1273 3319 1345 3368 non
1368 3301 1460 3368 illud
1483 3301 1517 3368 ei
1540 3303 1667 3369 tollere
1691 3304 1756 3370 aut
1778 3303 1945 3370 contrare
1971 3305 2142 3389 querant.

285 3459 387 3526 Unde
412 3458 448 3524 in
473 3478 514 3526 eo
539 3461 655 3526 tinore
679 3477 744 3544 per
767 3457 1064 3526 combenientiam
1089 3457 1260 3544 guadiam
1284 3457 1394 3525 michi
1416 3457 1493 3544 ipse
1517 3457 1666 3526 alferius
1690 3457 1812 3534 dedit,
1837 3459 1875 3524 et
1897 3477 1964 3544 ego
1988 3456 2145 3526 maderi-

284 3631 347 3679 cus
370 3611 447 3678 vice
470 3613 618 3689 maaet
641 3631 705 3699 pro
730 3610 806 3680 vice
830 3611 1067 3698 suprascripti
1089 3613 1312 3690 machenolil,
1337 3631 1402 3699 per
1425 3612 1648 3680 absolutione
1671 3595 1870 3700 supradicti
1902 3613 2054 3680 domnus
2078 3615 2141 3680 ab·
2258 3702 2261 3708 Ι

285 3769 361 3843 bas,
385 3768 422 3834 et
445 3785 511 3854 pro
534 3785 600 3836 sua
614 3769 718 3854 parte
742 3767 821 3853 ipsa
837 3765 969 3853 guadia
992 3767 1167 3855 subsoepi,
1181 3771 1218 3835 et
1241 3769 1474 3837 mediatorem
1498 3768 1608 3836 michi
1632 3768 1732 3854 posui
1745 3767 1946 3854 guaiferius
1962 3768 2005 3836 de
2020 3767 2140 3854 ipsum
2173 3843 2177 3852 ,

286 3922 404 3989 locum
428 3923 625 4000 valentino,
651 3885 688 3990 et
710 3923 823 3990 fllium
848 3923 1025 4010 quondam
1049 3923 1210 4000 iohanni,
1228 3923 1290 4011 qui
1313 3924 1447 3992 dicitur
1471 3923 1514 3994 de
1537 3922 1669 4010 grimo,
1683 3925 1721 3989 et
1743 3941 1805 4010 per
1827 3923 1944 4010 ipsam
1967 3922 2140 4009 guadiam

284 4079 486 4164 hobligavit
508 4097 546 4146 se
570 4079 645 4165 ipse
669 4079 820 4147 alferius
842 4083 879 4146 et
901 4097 983 4147 suos
1005 4079 1141 4156 eredes,
1158 4077 1201 4156 si,
1216 4077 1310 4146 sicut
1332 4077 1497 4165 superius
1519 4050 1694 4164 scriptum
1718 4077 1856 4154 estad
1880 4095 1965 4163 pars
1989 4077 2144 4164 predicti
2200 4096 2202 4102 ’

285 4233 502 4338 monasterii
520 4253 590 4301 non
615 4233 904 4321 adimpleverint,
930 4236 967 4300 et
988 4231 1233 4320 suprascripta
1257 4234 1314 4299 vel
1337 4251 1384 4300 ex
1407 4234 1459 4298 eis
1483 4231 1677 4318 quicquam
1703 4235 1887 4300 remobere
1912 4236 1978 4300 aut
2000 4237 2146 4302 eontra-

286 4387 407 4455 dicere
430 4388 739 4474 presumpserint,
764 4407 829 4474 per
852 4387 1097 4474 supradictam
1120 4386 1291 4473 guadiam
1315 4385 1516 4472 hobligavit
1538 4403 1576 4452 se
1599 4387 1675 4472 ipse
1699 4385 1850 4453 alterius
1873 4390 1910 4454 et
1932 4405 2014 4455 suos
2038 4390 2143 4455 here-

173 4627 185 4642 ·
285 4541 346 4608 des
369 4561 579 4629 componere
602 4542 714 4628 ipsius
737 4541 855 4638 domni
879 4541 1001 4608 abbati
1024 4545 1061 4607 et
1084 4541 1130 4607 ad
1153 4539 1224 4607 suis
1247 4537 1534 4624 successoribus,
1572 4557 1633 4605 seu
1657 4539 1768 4606 omini
1805 4539 1861 4605 illi
1901 4543 1958 4606 cui
1994 4543 2143 4608 brebem

283 4696 353 4792 iste
376 4715 441 4781 pro
465 4715 550 4782 pars
573 4697 610 4762 et
632 4696 710 4764 vice
734 4693 887 4783 predicti
926 4692 1134 4762 monasterii
1156 4693 1195 4762 in
1219 4713 1365 4762 manum
1389 4693 1580 4779 paruerit,
1616 4649 1883 4781 quinquaginta
1906 4695 1987 4762 auri
2011 4694 2144 4762 solidos

284 4849 606 4927 constantinianos,
631 4852 669 4917 et
690 4851 813 4918 omnia
835 4849 1084 4938 suprascripta
1106 4849 1315 4934 adimplere.
1340 4851 1589 4917 Veruntamen
1624 4847 1837 4925 recolimus,
1863 4847 1955 4934 quod
1979 4850 2145 4937 superius

285 5024 354 5072 non
377 5004 651 5072 memoravimus
673 5005 796 5073 omnia
818 5003 1067 5090 suprascripta
1090 5003 1175 5070 fecit
1197 5022 1307 5074 exere
1331 5003 1406 5090 ipse
1430 5003 1659 5091 supradictus
1683 5004 1833 5071 domnus
1848 5005 1960 5070 abbas
1984 5023 2050 5090 per
2066 5009 2143 5072 lar·

283 5159 455 5261 gietatem
478 5162 516 5226 et
538 5153 797 5227 absolutionem
820 5159 941 5226 domni
963 5157 1160 5244 guaimarii
1183 5157 1324 5224 comitis
1346 5159 1383 5224 et
1406 5157 1448 5225 de
1471 5157 1637 5243 germani
1667 5157 1723 5225 sui
1747 5157 1813 5224 filii
1837 5157 2016 5244 quondam
2047 5157 2145 5227 dorn-

285 5333 352 5381 nus
375 5315 556 5401 paldolfus
573 5333 703 5399 comes,
728 5315 790 5402 qui
813 5316 899 5382 sunt
922 5313 1087 5382 advocati
1110 5313 1219 5401 ipsius
1244 5315 1466 5392 monasterii;
1492 5317 1529 5381 et
1550 5313 1646 5381 inter
1670 5315 1833 5401 virgulas
1856 5313 1956 5382 dicit:
1982 5315 2139 5402 quadra·

284 5467 400 5554 ginta.
440 5469 544 5536 Seum
568 5470 605 5537 et
626 5468 780 5537 tradidit
802 5467 914 5555 ipsius
937 5467 1058 5535 alterii
1082 5465 1121 5534 in
1144 5469 1390 5556 suprascripto
1413 5468 1564 5542 hordine
1587 5467 1663 5536 alia
1686 5469 1816 5555 pecia,
1857 5488 1926 5557 que
1961 5473 2016 5536 est
2041 5474 2144 5538 terra

284 5643 366 5692 cum
390 5625 537 5691 arbusto
562 5623 763 5712 propinquo
787 5623 1002 5710 portilione.
1039 5634 1187 5710 quaest
1210 5641 1275 5709 per
1298 5641 1338 5690 as
1360 5625 1449 5691 lines
1471 5627 1508 5691 et
1532 5621 1762 5693 mensurias:
1793 5629 1839 5694 ab
1862 5625 2047 5693 occidente
2071 5627 2142 5693 line

285 5776 428 5863 padule,
454 5775 549 5863 passi
573 5775 704 5863 viginti
727 5776 822 5854 duo;
848 5795 871 5843 a
894 5775 1045 5844 moridie
1068 5777 1138 5845 fine
1163 5776 1325 5854 laidolti,
1351 5779 1388 5844 et
1409 5779 1503 5864 passi
1529 5779 1796 5866 quinquaginta
1818 5781 1917 5855 duo;
1944 5799 1966 5846 a
1990 5784 2143 5864 septem-
