5398 7106
1248 526 1436 603 CODEX
1471 525 1743 600 CAVENSIS

1337 828 1647 914 MCLXVII

1341 1148 1401 1222 A.
1428 1144 1485 1219 D.
1513 1144 1638 1266 1052

494 1441 500 1454 '
611 1447 638 1538 †
663 1451 700 1515 ln
725 1449 865 1517 nomine
888 1450 1022 1518 domini
1044 1450 1228 1537 trigesimo
1259 1453 1387 1538 quarto
1412 1470 1506 1518 anno
1530 1449 1752 1537 principatus
1774 1446 1894 1515 domni
1918 1445 2030 1513 nostri
2053 1443 2197 1532 gisulfi,
2223 1447 2260 1510 et
2281 1443 2421 1511 decimo

562 1605 670 1710 'tertio
701 1604 850 1671 ducatus
885 1603 961 1672 eius
996 1605 1144 1673 amalfis
1179 1608 1215 1674 et
1244 1606 1415 1682 sirrenti,
1453 1609 1490 1672 et
1512 1604 1648 1672 decimo
1671 1621 1763 1671 anno
1794 1601 2015 1689 principatus
2049 1601 2167 1669 domni
2200 1603 2319 1690 gisulfi
2341 1602 2410 1670 filii

566 1755 669 1835 eius,
707 1775 826 1824 mense
849 1759 1080 1835 februarius,
1107 1759 1235 1845 quinta
1273 1758 1477 1827 indictione.
1513 1756 1803 1827 Memoratorium
1841 1758 1976 1826 factum
2013 1777 2035 1825 a
2064 1775 2121 1824 me
2143 1755 2322 1824 Guaiserio
2345 1756 2417 1824 filio

568 1912 710 1981 adoaldi
733 1913 901 1990 comitia,
941 1931 982 1980 eo
1021 1913 1113 2000 quod
1151 1918 1236 1981 ante
1260 1914 1442 1999 presentia
1466 1915 1615 1982 alferius
1637 1914 1827 1990 diaconus,
1850 1885 1904 1980 et
1931 1911 2208 1998 archipresbiter
2245 1913 2282 1978 et
2304 1912 2418 1979 abbas

568 2061 715 2132 ecclesie
739 2065 859 2133 Sancti
881 2065 1030 2132 Maximi
1055 2070 1091 2132 et
1122 2069 1244 2154 ivique
1280 2067 1420 2136 adesset
1458 2067 1600 2136 idoneos
1635 2068 1796 2134 homines
1829 2084 1893 2152 per
1927 2065 2116 2133 iussionem
2152 2065 2265 2151 ipsius
2302 2065 2424 2132 abbati

567 2220 700 2288 tradidi
725 2220 875 2287 adbertu
898 2221 971 2287 filio
996 2221 1174 2307 quondam
1199 2221 1368 2289 iohannis
1393 2241 1466 2290 una
1490 2221 1592 2308 pecia
1616 2221 1659 2290 de
1682 2225 1783 2288 terra
1805 2239 1886 2289 cum
1910 2221 2065 2290 arbustis
2088 2221 2131 2288 de
2154 2222 2270 2287 locum
2303 2221 2427 2287 sancto

569 2375 706 2452 cirico,
743 2378 802 2443 ubi
827 2375 942 2443 airola
965 2375 1124 2452 dicitnr,
1165 2394 1233 2463 que
1256 2379 1311 2442 est
1334 2373 1410 2460 ipsa
1434 2378 1535 2462 peria
1558 2377 1761 2461 pertinente
1785 2376 1943 2463 predicte
1978 2376 2125 2444 ecclesie
2159 2371 2272 2474 sancti
2306 2377 2421 2444 maxi-

569 2533 616 2598 mi
651 2532 688 2598 et
710 2533 764 2597 est
786 2549 850 2617 per
873 2529 952 2598 ilnis
976 2533 1012 2596 et
1034 2529 1241 2596 mensuria:
1279 2533 1309 2596 A
1347 2530 1600 2615 septemtrione
1625 2529 1719 2616 passi
1753 2532 1945 2616 sexaginta
1981 2550 2114 2608 unum,
2149 2531 2202 2596 Ab
2235 2507 2418 2599 occidente

567 2685 662 2772 passi
685 2685 1029 2771 trigintaquinque,
1055 2687 1086 2750 A
1110 2685 1263 2753 meridie
1290 2684 1387 2771 passi
1412 2657 1542 2770 big'inti
1565 2688 1712 2771 septem,
1739 2689 1775 2751 et
1798 2686 2004 2766 revolbente
2027 2683 2066 2751 in
2087 2681 2241 2762 oriente,
2258 2684 2351 2752 sicut
2366 2684 2412 2751 ad

570 2842 739 2927 pinzondo
763 2841 862 2916 facit,
890 2843 974 2908 suut
996 2839 1091 2926 passi
1115 2839 1379 2926 quinquaginta
1403 2825 1599 2906 mensurati
1616 2839 1708 2905 iusto
1731 2855 1836 2923 passu
1861 2835 2026 2903 hominis.
2052 2854 2091 2902 ec
2116 2854 2198 2902 vero
2222 2835 2300 2920 ipsa
2316 2835 2419 2920 pecia

570 3014 634 3082 per
655 2995 893 3082 suprascripte
916 2994 995 3060 finis
1019 2995 1055 3058 et
1079 3011 1264 3059 mensuras
1288 2991 1454 3058 inclitum
1479 2992 1562 3057 illut
1585 2991 1695 3077 ipsius
1719 2990 1893 3057 hecclesie
1918 2989 2050 3057 tradidi
2073 2991 2139 3057 tali
2163 2989 2337 3066 hordine,
2371 2990 2416 3058 ud

570 3151 694 3219 amodo
718 3151 754 3216 et
776 3166 914 3234 semper
938 3150 1039 3214 natos
1063 3148 1251 3213 nascentes
1275 3145 1320 3213 ad
1347 3165 1413 3212 sua
1436 3149 1472 3212 et
1496 3146 1539 3212 de
1562 3146 1635 3213 suis
1659 3145 1781 3212 eredes
1805 3145 1878 3212 sint
1899 3147 2074 3230 potestate
2097 3143 2180 3211 illut
2203 3145 2407 3220 tenendum,

570 3307 606 3369 ct
628 3303 875 3381 lavorandum,
900 3307 937 3367 et
960 3300 1220 3386 pastenandum
1244 3349 1252 3376 ‚
1278 3300 1379 3365 fovee
1403 3302 1439 3366 et
1463 3301 1578 3367 omnis
1600 3302 1745 3367 illorum
1771 3298 1935 3370 utilitatis
1951 3294 2053 3364 'iusta
2075 3297 2251 3364 rationem
2274 3297 2407 3364 ividem

572 3459 742 3530 facerent,
768 3459 804 3522 et
828 3455 923 3522 unde
949 3454 1121 3521 meruerit
1143 3455 1226 3521 illut
1248 3453 1392 3521 cludere
1417 3457 1454 3519 et
1477 3457 1615 3522 clusum
1639 3460 1676 3522 et
1698 3457 1836 3524 salbum
1860 3454 1955 3520 omni
1978 3455 2135 3538 tempore
2158 3453 2242 3519 illut
2266 3454 2410 3528 habere,

572 3614 609 3677 et
631 3609 691 3676 ubi
715 3611 887 3677 meruerit
909 3609 947 3676 in
971 3611 1049 3696 ipsa
1072 3609 1266 3677 traditione
1291 3629 1356 3697 pas
1367 3611 1494 3677 tenent
1516 3627 1661 3677 arvores
1695 3611 1731 3675 et
1754 3608 1843 3674 vites
1867 3608 1910 3674 de
1941 3626 2029 3673 vono
2066 3606 2224 3682 bitineo,
2264 3603 2424 3672 stillum

573 3767 735 3849 surgant,
761 3767 796 3829 et
818 3747 957 3830 surtum
981 3767 1017 3829 et
1040 3765 1179 3830 salbum
1204 3763 1302 3830 omni
1327 3765 1487 3848 tempore
1512 3761 1585 3828 illis
1610 3763 1712 3828 illum
1736 3763 1854 3837 abere;
1872 3763 1909 3827 et
1932 3760 2056 3827 amodo
2080 3761 2116 3826 et
2137 3760 2230 3827 omni
2254 3763 2411 3846 tempore

573 3921 702 3985 bonum
727 3918 829 3983 illum
852 3917 1015 3984 lavarent
1038 3918 1081 3984 de
1104 3937 1212 4004 super
1236 3920 1273 3983 et
1297 3917 1340 3983 de
1364 3919 1499 4002 supter,
1514 3915 1607 3982 sicut
1629 3915 1726 3982 locus
1750 3915 1863 4000 ipsum
1880 3904 2049 3981 meruerit
2071 3918 2108 3981 et
2128 3931 2266 4000 semper
2290 3915 2327 3980 in
2344 3932 2415 3980 me-

573 4071 644 4139 lius
670 4071 831 4158 proficiat
853 4075 889 4137 et
914 4091 984 4139 non
1008 4072 1227 4164 dispereant,
1254 4076 1290 4138 et
1313 4039 1437 4139 amodo
1462 4074 1498 4138 et
1520 4088 1660 4157 semper
1682 4087 1746 4157 per
1768 4073 1925 4156 tempore
1947 4068 2183 4136 devindemia
2208 4069 2268 4136 ille
2284 4075 2321 4138 et
2336 4071 2412 4138 eius

573 4225 696 4296 eredes
720 4225 851 4295 faciant
874 4245 941 4300 me,
967 4244 1028 4292 seu
1055 4229 1195 4312 partem
1219 4226 1378 4312 predicte
1402 4227 1551 4294 ecclesie
1574 4227 1666 4294 scire
1691 4227 1736 4294 ud
1760 4225 1889 4293 ividem
1913 4244 2103 4312 pergamus
2126 4227 2190 4292 aut
2212 4226 2411 4310 dirigamus

570 4385 714 4451 missum
739 4385 910 4451 nostrum.
936 4385 972 4448 et
996 4381 1070 4448 illis
1095 4385 1178 4468 apto
1203 4384 1363 4469 tempore
1390 4384 1476 4449 illut
1499 4382 1732 4458 vindemiare,
1759 4385 1795 4448 et
1816 4377 1930 4449 oninis
1955 4382 2076 4449 vinum
2099 4385 2135 4448 et
2158 4399 2261 4468 poma
2284 4382 2412 4448 exinde

574 4537 693 4625 ivique
718 4539 762 4606 ad
787 4537 1007 4624 palmentum
1033 4534 1127 4603 inter
1151 4555 1214 4604 nos
1238 4537 1442 4604 dividamus
1466 4557 1529 4624 per
1553 4537 1808 4614 medietatem,
1844 4557 1906 4606 nos
1930 4539 2095 4606 tollamus
2118 4539 2217 4625 prius
2240 4541 2411 4616 medieta-

575 4698 646 4761 tem
670 4697 706 4760 et
728 4694 801 4760 illis
825 4694 1003 4780 reliquam
1028 4691 1219 4759 medietate
1240 4715 1247 4758 ε
1285 4696 1321 4760 et
1344 4693 1423 4780 ipsa
1446 4694 1601 4760 sortione
1625 4697 1746 4760 nostra
1769 4693 1812 4761 de
1835 4695 1910 4781 ipso
1935 4694 2055 4762 binum
2078 4693 2151 4760 illis
2174 4695 2257 4762 illut
2279 4697 2417 4764 salbam

572 4850 746 4934 reponant
777 4847 815 4914 in
838 4846 980 4913 domum
1004 4845 1149 4913 illorum
1174 4845 1235 4913 ubi
1260 4845 1364 4914 illum
1390 4846 1610 4916 abitaverint
1632 4847 1670 4915 in
1693 4867 1918 4934 organeum‚
1959 4851 2051 4936 quod
2075 4869 2138 4917 nos
2161 4833 2207 4916 ad
2229 4850 2301 4916 illis
2325 4847 2430 4952 adsi·¹

575 5004 805 5090 gnaverimus
831 5050 839 5078 ,
876 5004 912 5069 et
934 5005 1074 5071 salbum
1098 5003 1182 5069 illut
1204 5002 1378 5071 faciamus
1405 5021 1515 5088 usque
1539 5003 1622 5070 dum
1648 5023 1710 5070 nos
1733 5003 1815 5070 inde
1838 5002 2094 5072 adduxerimus
2117 5007 2247 5090 absqne
2269 5004 2422 5090 degene-

580 5159 719 5226 ratione
743 5161 812 5224 etc:
839 5160 908 5225 etc:
933 5159 1102 5242 Sequitur
1123 5135 1293 5226 consucta
1314 5161 1593 5244 fontaniacum
1615 5157 1863 5227 declaratione
1885 5161 2040 5228 ntnlctae
2061 5162 2324 5246 qntnqrtaptnta
2339 5163 2429 5230 aiat
2515 5231 2521 5244 ,

574 5312 772 5379 solidorum
798 5312 1049 5380 Constantini.
1076 5315 1121 5378 ut
1144 5331 1184 5379 oc
1208 5314 1398 5380 recolimus
1426 5313 1501 5400 ipsa
1517 5314 1618 5400 pecia
1641 5318 1695 5380 est
1719 5333 1782 5400 per
1804 5313 1885 5382 finis
1908 5315 1945 5381 et
1960 5313 2152 5382 mensuria:
2178 5314 2221 5381 de
2238 5334 2309 5382 una
2321 5321 2423 5402 parte
2504 5301 2509 5313 ’

576 5467 644 5534 fine
669 5465 729 5532 via
752 5470 812 5554 qui
837 5466 1018 5533 discernit
1042 5467 1137 5533 inter
1160 5485 1200 5534 ee
1225 5469 1330 5533 rebus
1355 5469 1392 5533 et
1408 5471 1513 5536 rebus
1537 5468 1821 5556 archiepiscopii,
1835 5471 1920 5536 sunt
1942 5468 2024 5535 inde
2047 5469 2141 5555 passi
2158 5469 2422 5558 quinquaginta

583 5626 745 5709 septem,
771 5621 814 5688 de
840 5621 916 5689 alia
938 5624 1037 5706 parte
1059 5623 1129 5688 fine
1152 5622 1356 5707 supradicte
1381 5621 1529 5690 ecclesie
1552 5623 1633 5692 inde
1656 5623 1752 5711 passi
1774 5625 1895 5692 decem
1919 5628 1957 5693 et
1979 5627 2127 5703 nobem;
2163 5626 2207 5694 de
2230 5626 2305 5694 alia
2327 5629 2432 5712 parte

585 5777 653 5843 fine
676 5774 844 5842 similiter
866 5773 980 5860 ipsius
1002 5773 1176 5851 ecclesie,
1201 5773 1284 5842 inde
1306 5773 1403 5862 passi
1427 5775 1555 5861 biginti
1580 5795 1671 5856 sex;
1704 5779 1748 5846 de
1781 5775 1855 5848 alia
1889 5799 1974 5848 vero
2008 5783 2110 5868 parte
2141 5781 2209 5848 fine
2232 5785 2314 5869 poiu
2339 5779 2434 5848 unde
