5454 7104
614 477 661 575 ie
1247 495 1426 570 oooex
1471 494 1736 571 ouvausrs

562 695 734 771 homines,
759 711 823 780 per
846 691 1157 768 combenicntiam
1183 712 1247 779 pro
1272 695 1374 779 parte
1398 692 1633 780 suprascripti
1658 692 1864 760 monasterii
1891 692 1935 760 ad
1960 691 2150 758 tenendum
2177 689 2326 758 tradidit
2341 710 2422 758 con-

560 849 723 927 stantini,
742 848 804 937 qui
821 848 890 916 suit
905 847 947 916 de
963 847 1093 926 sicilia,
1110 847 1183 916 filio
1201 849 1378 936 quondam
1403 848 1520 915 leonis
1536 850 1572 914 et
1589 847 1744 915 dauferii
1759 846 1831 914 filio
1846 845 2012 914 iohannis
2026 845 2063 911 et
2080 865 2161 912 urso
2175 845 2255 913 filio
2271 845 2419 914 iohanni

562 1005 624 1091 qui
648 1003 764 1072 dictus
787 1006 842 1070 est
864 1003 1045 1092 padulese,
1071 1004 1195 1071 inclite
1218 1003 1286 1070 dne
1310 1005 1430 1090 partes
1454 1003 1497 1070 de
1522 1002 1829 1070 unummolinum
1846 1001 2046 1088 pertinente
2069 1001 2181 1088 ipsius
2198 1000 2416 1076 monasterii,

562 1157 654 1245 quod
679 1157 882 1225 edificatum
906 1161 960 1224 est
983 1177 1005 1224 a
1029 1159 1124 1224 foras
1148 1177 1215 1224 anc
1238 1123 1499 1224 strernitanam
1524 1156 1710 1223 civitatem
1743 1155 1809 1222 illa
1839 1175 1923 1242 pars
1946 1155 2094 1222 ecclesie
2109 1157 2224 1223 sancti
2248 1155 2419 1223 fortunati

561 1312 599 1378 in
622 1331 713 1399 aqna
736 1312 779 1378 de
803 1312 909 1380 llubio
932 1311 1053 1388 lirino,
1080 1331 1184 1400 quam
1207 1314 1244 1378 et
1267 1310 1399 1378 tradidi
1423 1311 1466 1378 de
1490 1329 1613 1376 eorum
1630 1309 1791 1378 inclitam
1818 1310 1960 1378 tertiam
1984 1313 2124 1397 partem
2148 1311 2191 1377 de
2215 1311 2330 1398 ipsum
2347 1333 2420 1380 mo-

560 1467 675 1534 linum
698 1486 761 1556 pro
785 1468 889 1554 parte
912 1467 1056 1534 mulieri
1081 1465 1223 1534 nomine
1247 1485 1389 1550 gemma
1411 1465 1486 1532 filia
1511 1466 1689 1552 quondam
1713 1464 1906 1550 guaimarii
1929 1464 2080 1540 comitis,
2106 1467 2143 1530 et
2157 1464 2295 1532 relicta
2318 1466 2420 1551 guai-

560 1621 657 1690 ferii.
683 1623 762 1690 Ideo
786 1623 950 1690 inclitum
975 1621 1092 1708 ipsum
1117 1622 1286 1689 molinum
1313 1623 1427 1709 ipsam
1451 1620 1689 1708 prenominati
1714 1619 1864 1688 tradidit
1887 1637 2063 1686 unacum
2089 1619 2336 1687 adbocatorem
2360 1640 2419 1687 no·

565 1777 679 1842 strum
703 1794 767 1862 pro
802 1775 905 1861 parte
940 1775 1178 1862 suprascripti
1215 1773 1423 1842 monasterii
1458 1776 1495 1840 et
1533 1772 1643 1860 ipsius
1678 1792 1840 1858 gemme:
1881 1773 1958 1840 Tali
1983 1773 2128 1852 tinore,
2164 1776 2204 1840 ut
2237 1774 2360 1843 amodo
2382 1777 2420 1842 et

562 1947 672 2016 usque
696 1948 829 1996 annum
853 1931 1094 2016 completum,
1127 1932 1203 1998 illis
1238 1935 1362 1998 tenere
1385 1931 1501 2016 ipsum
1531 1931 1704 1998 molinum
1734 1949 1814 1996 oum
1850 1929 1942 1998 mole
1979 1933 2015 1996 et
2037 1929 2234 1996 ferraturia
2259 1947 2351 2006 sua,
2382 1933 2419 1996 et

563 2103 644 2149 cum
668 2083 821 2150 reditum
844 2087 881 2150 et
904 2102 988 2151 usus
1012 2104 1216 2178 aquarum,
1257 2089 1293 2151 et
1319 2104 1400 2151 cum
1424 2083 1539 2151 omnis
1562 2103 1628 2152 sua
1650 2083 1896 2171 pertinentia,
1932 2086 1970 2150 et
1996 2103 2077 2150 cum
2101 2083 2178 2150 bice
2203 2084 2247 2150 de
2270 2085 2330 2152 bia
2352 2103 2417 2152 sua

559 2239 596 2304 ot
619 2237 676 2305 die
700 2241 875 2325 noctuque
898 2239 1013 2326 ipsum
1039 2238 1212 2306 molinum
1237 2237 1389 2324 bigilare
1413 2241 1449 2304 et
1472 2237 1662 2315 custodire,
1688 2243 1724 2305 et
1747 2239 1923 2315 conciare,
1941 2239 1986 2305 ud
2010 2238 2172 2323 legitime
2197 2239 2322 2325 possad
2346 2257 2419 2304 ma-

562 2410 705 2468 cenare,
731 2395 768 2458 et
791 2392 959 2479 quicquid
984 2391 1154 2458 molitura
1182 2390 1314 2458 ibidem
1338 2395 1445 2457 abere
1469 2390 1647 2476 potuerit,
1673 2393 1785 2457 totum
1809 2391 1897 2457 illut
1919 2390 1987 2456 sibi
2011 2393 2165 2466 abeant;
2190 2393 2330 2457 tantum
2354 2408 2418 2476 per

558 2563 681 2611 omnes
698 2563 837 2612 menses
860 2545 938 2631 ipsa
954 2541 1123 2612 molitura
1139 2544 1249 2611 deant
1271 2544 1308 2610 in
1325 2562 1408 2630 pars
1423 2543 1659 2630 suprascripti
1689 2541 1897 2610 monasterii
1919 2545 1955 2608 et
1978 2542 2088 2628 ipsius
2111 2562 2251 2629 gemme
2266 2545 2417 2610 Tantum

557 2718 711 2784 granum
735 2700 909 2785 quantum
933 2698 1003 2766 dad
1028 2698 1202 2764 molinum
1226 2698 1269 2764 de
1292 2697 1643 2782 sanctogerusalem,
1660 2698 1745 2783 quia
1768 2697 1810 2762 de
1833 2696 1947 2782 ipsum
1963 2695 2138 2764 molinum
2163 2699 2322 2764 nostrum
2338 2716 2418 2763 con-

558 2855 720 2922 iunctum
744 2857 798 2921 est
821 2855 858 2920 in
883 2858 986 2942 parte
1010 2854 1252 2931 hoccidentis3
1278 2859 1314 2920 et
1337 2873 1401 2940 per
1424 2873 1543 2920 omnes
1567 2854 1780 2921 ebdomadas
1807 2854 1907 2921 nobis
1923 2858 2110 2922 macenent
2137 2855 2217 2922 sine
2233 2856 2415 2934 molitura,

557 3007 650 3076 sicut
673 3007 743 3076 suit
765 3007 1004 3085 consuetudo;
1030 3011 1067 3074 et
1090 3007 1128 3074 in
1154 3006 1327 3074 natibitas
1351 3006 1496 3084 domini,
1523 3009 1559 3073 et
1582 3007 1619 3074 in
1643 3026 1751 3092 pasca
1774 3006 1882 3074 deant
1904 3007 2004 3074 nobis
2027 3027 2136 3094 supra
2160 3011 2307 3094 postem,
2324 3010 2416 3077 sicut

560 3161 623 3228 dat
646 3159 761 3247 ipsum
785 3161 958 3228 molinum
988 3161 1032 3228 de
1056 3163 1179 3228 sancto
1203 3161 1429 3247 gerusalem3
1455 3163 1491 3227 et
1515 3161 1655 3246 quando
1679 3180 1774 3247 aqua
1808 3161 1852 3227 de
1875 3161 1990 3246 ipsum
2014 3162 2187 3228 molinum
2211 3183 2275 3250 per
2310 3164 2416 3250 plena

558 3314 708 3402 ruperit,
734 3317 798 3382 aut
821 3315 851 3382 si
876 3314 952 3402 ipsa
976 3311 1171 3383 ferraturia
1193 3333 1231 3382 se
1256 3315 1406 3401 ruperit,
1433 3333 1495 3380 nos
1520 3313 1692 3380 faciamus
1717 3313 1799 3380 illut
1821 3312 1994 3393 conciam,
2020 3317 2057 3381 et
2081 3295 2152 3382 illis
2170 3317 2226 3412 'ibi
2245 3314 2415 3384 adiubent

558 3469 671 3553 proud
695 3469 823 3536 melius
846 3469 1040 3556 potuerint,
1066 3473 1103 3536 et
1125 3469 1199 3536 illis
1222 3471 1332 3538 deant
1354 3469 1485 3537 ibidem
1510 3489 1619 3536 unam
1643 3471 1773 3536 molam
1797 3473 1926 3537 bonam
1949 3471 2074 3538 desua
2097 3471 2223 3558 propia
2246 3491 2355 3541 causa
2379 3477 2416 3540 et

558 3643 620 3692 nos
643 3625 766 3692 demus
789 3624 838 3692 ibi
863 3624 936 3692 alia
960 3626 1103 3701 molam,
1130 3627 1166 3691 et
1189 3626 1280 3692 mole
1309 3625 1422 3692 boteri
1458 3623 1558 3692 nobis
1581 3624 1784 3710 adsignent.
1811 3627 1841 3690 Α
1864 3625 2078 3710 completum
2113 3626 2228 3712 ipsum
2265 3647 2411 3704 annum,

556 3779 747 3866 adsignent
770 3781 870 3846 ‘nobis
893 3779 1007 3866 ipsum
1032 3781 1205 3848 molinum
1229 3779 1429 3848 conciatum
1453 3782 1585 3846 bonum
1601 3799 1681 3845 cum
1704 3779 1817 3847 omnis
1840 3799 1906 3848 sua
1928 3781 2157 3866 pertinentia,
2177 3783 2224 3849 ud
2248 3783 2414 3870 legitime

556 3917 683 4021 pos'sad
699 3955 901 4011 macenare,
920 3938 957 4001 et
979 3931 1052 4004 illis
1068 3939 1104 4002 et
1120 3935 1324 4002 hominibus
1340 3953 1461 4001 eorum
1478 3934 1589 4001 liceat
1606 3934 1689 4002 inde
1705 3934 1807 4001 exire
1822 3953 1903 4002 cum
1919 3955 2029 4003 causa
2044 3955 2179 4015 eorum,
2198 3958 2265 4024 que
2281 3939 2413 4008 iustum

557 4090 677 4158 suerit.
704 4092 855 4158 Tantum
878 4090 909 4157 si
933 4109 997 4176 pro
1021 4093 1173 4158 rubtura
1204 4090 1248 4156 de
1271 4091 1402 4177 plena,
1428 4091 1498 4157 aud
1522 4089 1565 4156 de
1589 4089 1665 4176 ipsa
1690 4089 1886 4156 serraturia
1909 4109 1979 4157 non
2014 4092 2265 4160 maceuaberid
2299 4093 2413 4179 ipsum

555 4242 740 4316 molinum,
755 4241 826 4308 aud
842 4260 905 4327 pro
922 4243 1030 4326 gente
1047 4239 1192 4327 plupica
1207 4259 1271 4327 per
1288 4241 1462 4308 rationem
1479 4239 1681 4327 inputemus
1698 4241 1797 4309 nobis
1821 4240 1864 4308 de
1880 4242 1957 4327 ipsa
1972 4243 2154 4321 molitura,
2171 4245 2264 4312 sicut
2278 4245 2411 4313 iustum

557 4393 679 4460 fuerit.
705 4393 803 4459 Unde
828 4392 864 4458 in
888 4411 928 4458 eo
953 4393 1069 4460 tinore
1093 4412 1157 4480 per
1180 4393 1441 4461 combenientia
1457 4393 1588 4480 guadio
1610 4392 1699 4460 mihi
1715 4393 1890 4460 dederunt
1905 4393 1973 4481 ipsi
1989 4397 2231 4482 prenominati
2247 4401 2411 4467 constan-

555 4545 650 4614 tinus
673 4549 711 4612 et
732 4545 886 4612 daul‘erii
909 4548 945 4612 et
970 4563 1051 4611 urso
1075 4565 1138 4631 pro
1155 4548 1258 4630 parte
1275 4545 1508 4631 suprascripti
1526 4545 1733 4613 monasterii
1756 4550 1793 4613 et
1815 4547 1926 4633 ipsius
1948 4569 2099 4635 gemme,
2115 4555 2152 4617 et
2169 4552 2410 4620 fideiussorem

556 4699 655 4766 nobis
678 4701 873 4785 posuerunt
895 4716 932 4764 se
957 4696 1063 4782 ipsis;
1090 4700 1126 4763 et
1149 4697 1350 4782 peripsam
1374 4697 1508 4782 guadia
1534 4700 1603 4764 eto.
1630 4700 1776 4766 Statatu
1799 4701 1935 4769 eraldo
1958 4704 2089 4787 viginti
2103 4706 2192 4771 auri
2214 4706 2412 4773 solidorum

554 4853 949 4920 constuctirztaaorum.
975 4853 1020 4916 Et
1043 4849 1087 4917 ad
1111 4849 1374 4935 pignerandum
1410 4849 1662 4936 obligaverunt
1685 4871 1722 4918 so
1747 4851 1831 4938 ipsis
1855 4856 1891 4920 et
1913 4854 2061 4923 illorum
2096 4858 2244 4928 heredes
2266 4861 2412 4928 homnes

556 5010 660 5073 rebus
684 5008 720 5072 et
736 5025 878 5072 causam
895 5005 1039 5072 illorum
1055 5005 1256 5092 legitimam
1272 5007 1308 5070 et
1323 5003 1580 5090 inlegitimam,
1599 5005 1708 5072 etiam
1730 5008 1890 5093 personis
1913 5009 2055 5078 illorum
2072 5015 2412 5098 compreendendum

555 5163 591 5226 et
614 5159 901 5245 distringendum
926 5177 1037 5246 usque
1061 5160 1106 5226 ad
1130 5161 1262 5245 legem.
1288 5157 1380 5246 quod
1402 5159 1531 5244 scripsi
1555 5179 1621 5246 ego
1645 5159 1820 5230 iohannes
1843 5165 2003 5232 notarius

601 5313 629 5404 †
653 5318 727 5400 Ego
751 5313 923 5381 iohannes
946 5313 1100 5381 clericus
1123 5316 1160 5380 et
1182 5316 1375 5382 abbocator
1398 5313 1460 5400 qui
1484 5317 1520 5381 et
1543 5314 1681 5383 scribsi.

564 5519 566 5524 .
600 5467 628 5558 †
653 5471 726 5554 Ego
751 5469 874 5554 petrus
898 5469 1060 5536 notarius
1083 5489 1140 5537 me
1163 5467 1369 5555 subscripsi.

1232 5727 1656 5740 —————————-—.
