5454 7104
611 502 660 594 so
1256 492 1429 567 couux
1468 489 1728 564 cuvuusrs

560 697 673 766 decim
696 696 781 774 dies,
800 715 863 781 pro
887 695 974 762 illut
996 691 1188 760 emendum
1212 690 1257 758 ad
1282 691 1374 758 iusto
1398 689 1554 757 baliente
1578 687 1744 775 pretium,
1760 685 1852 752 sicut
1873 703 1983 770 supra
1997 682 2219 750 dictum-est.
2247 684 2290 749 Et
2313 683 2343 750 si
2360 680 2417 752 in·

562 855 619 921 ira
641 850 718 938 ipsa
741 848 935 916 constituta
958 847 1043 916 illut
1065 867 1185 915 emere
1209 845 1368 914 noluerit
1390 844 1435 911 ad
1459 843 1551 912 iusto
1575 841 1743 930 pretium,
1767 841 1860 908 sicut
1882 839 2016 908 dictum
2039 842 2104 916 est,
2131 843 2214 906 tunc
2238 843 2316 940 post
2338 838 2416 925 ipsa

563 1005 756 1074 constituta
771 1003 880 1072 liceat
902 1022 965 1071 nos
990 1003 1075 1070 illut
1097 1001 1184 1069 dare
1208 1000 1266 1068 cui
1280 999 1508 1076 boluerimus3
1535 1000 1624 1066 ¹Nam
1647 998 1678 1066 si
1694 1002 1777 1066 ante
1794 997 1870 1086 ipsa
1886 996 2078 1063 constituta
2093 995 2300 1080 cuicumque
2317 993 2420 1059 illam

566 1163 622 1227 vel
645 1180 691 1228 ex
714 1161 792 1247 ipsa
814 1159 1029 1258 dederimus,
1050 1156 1129 1225 sine
1146 1157 1295 1223 illorum
1319 1158 1355 1221 et
1378 1156 1420 1222 de
1445 1155 1588 1223 illorum
1612 1154 1801 1222 heredibus
1824 1153 2010 1227 solutione,
2028 1151 2079 1218 sic
2105 1153 2143 1216 ut
2165 1150 2209 1216 de
2225 1152 2346 1216 nostra
2361 1167 2422 1233 po·

565 1320 693 1385 testate
716 1320 809 1384 esset
831 1319 1101 1391 substractum,
1139 1314 1215 1381 sine
1240 1311 1393 1400 pretium
1418 1310 1631 1398 perveniant
1652 1312 1697 1377 ad
1722 1308 1793 1376 illis
1817 1315 1853 1376 et
1876 1308 1922 1376 ad
1945 1307 2089 1374 illorum
2113 1295 2303 1372 heredibus
2326 1306 2422 1390 pote-

564 1475 684 1546 state,
709 1470 908 1538 faciendum
932 1469 1016 1536 inde
1039 1467 1160 1535 omnia
1184 1465 1277 1555 quod
1302 1465 1504 1542 voluerint;
1530 1465 1619 1532 etsi
1642 1464 1714 1531 illis
1738 1467 1774 1528 et
1796 1463 1941 1530 illorum
1963 1461 2153 1528 heredibus
2176 1459 2254 1546 ipsa
2277 1459 2420 1526 illorum

566 1627 755 1694 medietate
777 1625 820 1692 de
844 1623 922 1710 ipsa
946 1626 1045 1690 terra
1068 1642 1148 1689 cum
1172 1640 1256 1688 casa
1280 1621 1444 1688 daturam
1468 1621 1532 1687 aut
1556 1619 1778 1686 bindituram
1802 1616 1981 1693 abuerint,
2000 1617 2057 1682 vel
2080 1636 2126 1682 ex
2150 1616 2228 1702 ipsa
2250 1613 2425 1680 similiter

568 1782 666 1850 nobis
690 1780 887 1867 nostrisque
911 1779 1101 1868 heredibus
1125 1777 1228 1844 illam
1254 1778 1363 1844 deant
1386 1778 1432 1844 ad
1456 1776 1548 1844 iusto
1574 1777 1729 1844 baliente
1753 1774 1907 1859 pretium
1932 1823 1940 1846 ,
1980 1775 2017 1840 et
2050 1771 2170 1839 omnia
2204 1770 2303 1838 nobis
2338 1769 2422 1837 inde

565 1937 796 2024 adimpleant,
822 1936 980 2024 qualiter
1005 1953 1067 2002 nos
1090 1952 1213 2000 eorum
1238 1932 1424 2018 adinplere
1448 1931 1616 1998 debemus
1639 1929 1682 1996 de
1705 1929 1783 2015 ipsa
1799 1928 2012 2015 tignatione,
2030 1928 2123 1996 sicut
2144 1945 2254 2014 supra
2276 1925 2427 2012 legitur:

564 2096 601 2159 et
623 2111 687 2179 per
709 2089 970 2159 combenientia
994 2085 1059 2175 ipsi
1074 2089 1182 2175 guido
1207 2091 1243 2155 et
1268 2087 1440 2154 iohannes
1463 2085 1598 2170 guadia
1622 2084 1721 2152 nobis
1744 2084 1919 2150 dederunt
1943 2085 1980 2150 et
1995 2083 2225 2150 mediatorem
2251 2082 2350 2150 nobis
2364 2103 2428 2186 pos

566 2247 715 2312 suerunt
737 2263 775 2311 sc
799 2244 898 2330 ipsis,
924 2245 960 2310 et
983 2263 1047 2330 per
1072 2243 1151 2329 ipsa
1173 2241 1308 2327 guadia
1331 2244 1399 2306 etc:
1426 2242 1573 2306 ,itatuta
1589 2240 1724 2306 rrrulcta
1736 2239 1998 2322 quinquaqinta
2021 2238 2109 2304 artri
2131 2237 2433 2304 solidorumccu—

565 2399 850 2466 stamineorum.
877 2397 932 2464 Sic
956 2398 1083 2464 tamen
1107 2415 1147 2462 oc
1171 2413 1424 2468 memoramus,
1451 2396 1491 2460 ut
1513 2411 1577 2479 per
1599 2391 1713 2460 omnis
1737 2411 1871 2472 annum
1894 2390 2003 2456 deant
2020 2389 2119 2458 nobis
2143 2390 2181 2457 in
2203 2391 2278 2478 ipso
2294 2391 2425 2460 consti-

567 2554 683 2620 tutum
707 2570 772 2638 pro
796 2549 872 2634 ipso
896 2567 1042 2616 censum
1067 2567 1127 2614 sex
1151 2546 1232 2614 auri
1257 2545 1328 2612 tari
1353 2544 1447 2620 boni,
1474 2545 1583 2612 michi
1606 2544 1750 2612 amandi
1773 2541 1957 2611 duodecim
1981 2542 2049 2630 ipsi
2074 2543 2157 2621 tari,
2176 2547 2212 2611 et
2236 2545 2344 2612 michi
2371 2564 2434 2614 ,ro-

569 2706 739 2795 legardus
762 2707 931 2793 quattuor
955 2703 1027 2772 tari
1046 2727 1054 2781 3
1091 2706 1128 2770 et
1151 2703 1181 2770 si
1204 2703 1456 2789 generationes
1480 2719 1586 2787 super
1610 2719 1677 2767 anc
1700 2699 1795 2766 cives
1820 2697 1981 2775 benerit,
2007 2698 2080 2766 illis
2104 2719 2167 2768 nos
2191 2699 2368 2785 recipiant
2390 2699 2429 2768 in

570 2863 648 2950 ipsa
671 2855 862 2928 traditione
886 2856 931 2925 ad
955 2856 1178 2934 abitandum,
1198 2856 1281 2924 dum
1299 2854 1377 2942 ipsa
1400 2831 1489 2939 gens
1511 2871 1618 2940 super
1642 2873 1710 2920 anc
1734 2853 1829 2920 cives
1851 2853 2019 2930 steterit,
2044 2855 2081 2920 et
2103 2853 2306 2940 inputemus
2330 2854 2434 2923 nobis

567 3018 649 3086 inde
673 3036 737 3104 pro
761 3017 836 3102 ipso
859 3032 1005 3082 censum
1029 3031 1093 3099 per
1117 3011 1306 3078 rationem.
1344 3012 1387 3076 Et
1411 3028 1433 3075 a
1456 3029 1524 3096 quo
1549 3009 1627 3096 ipsa
1661 3011 1784 3094 gentes
1807 3010 1851 3076 de
1874 3007 1953 3094 ipsa
1983 3011 2083 3074 terra
2106 3008 2321 3094 perrexerit,
2352 3013 2434 3094 post

570 3177 649 3241 octo
660 3172 734 3240 dies
750 3170 828 3258 ipsa
841 3167 1035 3276 traditione
1052 3164 1279 3233 remittamus
1297 3164 1334 3230 in
1350 3162 1597 3250 suprascripta
1614 3163 1765 3238 ratione
1792 3163 1885 3250 quod
1896 3161 2024 3250 scripsi
2039 3182 2105 3249 ego
2118 3165 2240 3249 petrus
2256 3163 2434 3230 notarius.

615 3325 642 3418 †
666 3329 739 3411 Ego
763 3324 824 3412 qui
849 3341 961 3409 supra
985 3320 1147 3390 ademari
1171 3320 1295 3388 iudex.

1307 3577 1679 3589 -u—-u-——nu———u-

1394 3869 1601 3951 MCVII

1355 4250 1414 4324 A.
1444 4246 1500 4321 D.
1530 4250 1656 4325 1048

622 4517 650 4610 †
674 4517 875 4586 innomine
910 4517 1042 4584 domini
1067 4516 1247 4584 tricesimo
1283 4517 1398 4602 primo
1421 4537 1515 4584 anno
1547 4517 1769 4606 principatus
1792 4517 1912 4587 domni
1936 4517 2048 4585 nostri
2071 4517 2264 4604 guaimarii
2288 4518 2436 4605 gloriosi

579 4672 761 4760 principis,
787 4677 824 4740 et
847 4673 982 4741 decimo
1006 4692 1101 4739 anno
1124 4672 1276 4740 ducatus
1292 4671 1369 4738 cius
1385 4673 1506 4739 amalfi
1528 4674 1565 4738 et
1579 4651 1739 4749 sirrenti,
1757 4692 1864 4764 quarn
1888 4674 1924 4739 et
1939 4672 2088 4759 septimo
2104 4691 2198 4740 anno
2215 4671 2440 4758 principatus

578 4828 654 4895 eius
678 4830 714 4893 et
737 4827 893 4914 ipsorum
912 4826 1107 4892 ducatuum
1122 4824 1243 4892 domni
1259 4825 1378 4911 gisulfi
1393 4828 1470 4894 eius
1485 4828 1550 4894 11111
1567 4827 1692 4895 eximii
1708 4827 1882 4916 principis
1905 4831 1939 4895 ct
1961 4828 2072 4901 ducis,
2093 4845 2209 4893 mense
2225 4822 2438 4904 decembris,

579 4981 734 5050 secunda
757 4981 964 5048 indictione.
992 4983 1065 5066 Ego
1090 4979 1262 5047 iohannes
1287 4980 1420 5048 domini
1444 4982 1566 5067 gratia
1589 4985 1699 5049 abbas
1734 4981 1942 5050 monasterii
1965 4979 2080 5050 sancti
2103 4957 2232 5067 Angcli
2256 4985 2292 5048 ct
2314 4986 2440 5049 sancte<

580 5136 679 5211 Solle,
697 5135 758 5223 qui
782 5133 978 5202 constructi
1000 5139 1085 5202 sunt
1107 5135 1204 5202 intus
1227 5135 1321 5202 hanc
1345 5135 1605 5204 salernitanum
1622 5135 1819 5213 civitatem,
1837 5139 1930 5203 Ante
1953 5137 2144 5224 subscripti
2167 5137 2302 5204 idoneis
2325 5137 2439 5205 homi-

585 5289 688 5356 nibus
711 5307 775 5374 per
797 5288 1106 5364 convenientiam,
1144 5307 1248 5374 quam
1272 5291 1309 5355 ct
1332 5308 1396 5376 per
1419 5291 1677 5359 absolutionem
1701 5293 1821 5360 domni
1844 5293 1990 5380 paldulh
2012 5293 2177 5380 germani
2200 5293 2437 5380 suprascripti

584 5443 703 5510 domni
726 5442 919 5528 guaimarii
944 5443 1152 5528 magnificus
1176 5443 1343 5530 princeps
1366 5447 1403 5511 et
1425 5445 1513 5532 dux,
1538 5445 1639 5513 euius
1662 5450 1746 5514 sunt
1769 5447 1988 5532 pertinentes
2011 5448 2088 5535 ipsa
2111 5447 2355 5525 monasteria,
2392 5446 2437 5514 ad

583 5598 817 5666 laborandum
842 5597 975 5664 tradidi
1000 5597 1134 5666 falconi
1157 5599 1200 5665 de
1225 5599 1262 5664 la
1275 5602 1384 5684 penta
1399 5594 1469 5666 tilio
1486 5599 1664 5686 quondam
1688 5599 1897 5685 guiselmari
1920 5603 1957 5669 et
1973 5602 2047 5669 ursi
2070 5603 2114 5670 de
2130 5602 2250 5670 eodem
2274 5603 2351 5668 loco
2366 5601 2443 5668 filio

581 5753 760 5829 iohannis,
785 5755 822 5819 et
846 5751 1018 5837 radiperti
1046 5752 1111 5820 fllii
1134 5752 1290 5838 geraldi,
1317 5757 1354 5819 et
1378 5753 1470 5838 petri
1495 5753 1614 5840 nepoti
1637 5754 1714 5822 aius
1728 5755 1809 5823 ulio
1833 5755 1954 5844 angeli
1978 5757 2041 5824 toti
2065 5757 2108 5824 de
2131 5755 2253 5825 eodem
2277 5757 2366 5834 loco,
2391 5756 2440 5825 do
