5372 7106
627 551 674 621 14
1341 543 1760 625 DAMIGERON

569 745 699 815 ortiten
723 745 848 814 viridis
871 749 908 816 et
929 747 1169 817 subcandidus
1193 748 1354 816 maculas
1376 750 1523 817 habens.
1549 747 1669 818 Sciens
1697 749 1818 816 autem
1841 749 1872 816 si
1895 767 2000 816 verus
2028 746 2075 815 sit
2096 747 2172 836 ipsc
2195 749 2287 835 lapis
2311 749 2422 838 ponis

570 919 678 987 super
701 903 899 970 turibulum
923 907 1096 972 carbones
1119 905 1239 991 igneos
1263 905 1427 972 ardentes
1451 923 1560 991 quam
1584 903 1766 990 plurimos.
1791 905 1829 971 et
1852 921 2056 992 superpone
2080 905 2192 972 multa
2214 923 2350 991 genera
2372 905 2428 971 la·

570 1053 692 1141 pidum
716 1056 988 1124 durissimorum
1015 1062 1051 1125 et
1074 1055 1178 1125 istum
1203 1059 1299 1126 inter
1322 1077 1393 1126 eos.
1419 1061 1474 1126 est
1495 1057 1636 1126 dimitte
1659 1062 1700 1128 ut
1721 1061 1977 1128 comburantur
2000 1059 2089 1125 hora
2114 1078 2185 1126 una
2200 1061 2264 1142 (l).
2290 1054 2422 1124 Deinde

571 1205 602 1274 si
625 1209 720 1276 hunc
744 1211 927 1297 integrum
950 1215 987 1279 et
1011 1213 1175 1278 illaesum
1199 1212 1342 1279 videris.
1366 1212 1511 1280 habebis
1534 1231 1615 1279 eum
1639 1211 1678 1278 in
1703 1213 1940 1279 tutamentum
1962 1214 1998 1277 et
2012 1210 2134 1278 omnia
2157 1209 2336 1296 pervincit
2351 1231 2427 1278 om·

570 1381 685 1451 neque
707 1366 907 1452 periculum
930 1370 967 1433 et
989 1385 1130 1434 omnem
1154 1368 1319 1434 timorem
1342 1369 1490 1453 effugat.
1517 1369 1579 1434 Est
1594 1366 1688 1434 enim
1712 1365 1859 1433 tertium
1882 1383 1996 1450 genus
2020 1364 2123 1453 quasi
2147 1367 2263 1432 ferrea
2285 1367 2423 1432 lamina

570 1535 617 1586 ex
645 1537 714 1585 uno
737 1522 851 1586 latere
875 1521 979 1587 lenis.
1005 1539 1051 1587 ex
1076 1521 1187 1588 altero
1212 1521 1317 1588 velud
1333 1524 1471 1588 acutus.
1491 1523 1605 1589 Habet
1628 1521 1778 1588 virtutes
1801 1521 1989 1588 maximas.
2008 1521 2097 1587 Nam
2114 1519 2211 1606 regis
2234 1519 2273 1587 in
2288 1520 2421 1588 coitum

570 1673 775 1743 concubinis
798 1677 839 1741 ut
861 1693 933 1744 non
955 1673 1130 1743 deformes
1155 1677 1218 1742 aut
1241 1675 1327 1742 nani
1350 1671 1413 1742 nbi
1437 1653 1626 1762 procreent
1649 1675 1899 1762 circumligant
1923 1675 2125 1744 concubinis
2148 1677 2244 1744 hunc
2266 1675 2421 1762 lapidem

573 1830 613 1894 ut
638 1847 701 1895 nec
725 1829 929 1916 concipiant
952 1848 1017 1897 nec
1041 1831 1186 1916 pariant
1210 1831 1273 1916 (2).
1300 1831 1452 1898 Tantum
1476 1831 1672 1898 remedium
1695 1830 1900 1898 sterilitatis
1916 1835 2046 1898 natura
2061 1829 2186 1917 genuit
2208 1833 2303 1898 hunc
2328 1832 2426 1918 lapi-

571 1983 664 2051 dem.
689 1985 780 2051 Cave
803 1988 923 2052 autem
948 2002 995 2053 ne
1018 1986 1168 2070 gravide
1192 2005 1273 2053 eum
1297 1985 1562 2072 circumligent.
1600 1987 1702 2073 Cogit
1724 1986 1820 2054 enim
1853 2005 1932 2054 eam
1956 1993 2202 2072 preposterum
2230 1986 2280 2070 (3)
2305 1985 2423 2070 ejcere

459 2237 463 2243 1
571 2133 759 2202 infantem.

615 2289 719 2375 Lapis
742 2291 905 2360 achaten.
931 2293 1093 2360 Achaten
1117 2312 1201 2360 vero
1225 2293 1317 2379 lapis
1340 2294 1520 2380 potentias
1536 2296 1642 2361 habet
1656 2294 1816 2381 optimas.
1842 2295 1903 2361 sed
1927 2295 1988 2380 qui
2012 2293 2164 2360 similem
2188 2294 2341 2361 colorem
2358 2297 2422 2362 ha·

571 2445 631 2509 bet
652 2444 783 2529 pellem
809 2444 922 2512 leonis
945 2447 1008 2530 (4).
1035 2446 1145 2513 Valet
1168 2447 1214 2514 ad
1237 2443 1431 2534 scorpionis
1453 2465 1622 2514 morsum.
1649 2446 1822 2532 alligatus
1845 2446 1940 2514 enim
1964 2447 2020 2513 vel
2044 2445 2195 2514 illinitus
2223 2465 2303 2512 cum
2327 2465 2427 2534 aqua

571 2597 691 2666 statim
715 2597 811 2666 tollit
832 2599 1003 2670 dolorem.
1028 2607 1065 2668 et
1088 2599 1293 2686 viperarum
1330 2603 1502 2668 morsibus
1536 2603 1638 2668 curat
1662 2601 1769 2669 tritus
1792 2604 1829 2668 et
1851 2619 1961 2688 supra
1984 2603 2138 2670 vulnera
2169 2619 2362 2688 asparsus.
2387 2605 2426 2670 ct

571 2755 675 2822 datus
698 2753 736 2820 in
758 2753 934 2841 potionem
957 2773 1039 2822 cum
1063 2753 1145 2823 vino
1168 2758 1274 2823 sanat
1298 2758 1361 2839 (5).
1388 2758 1555 2825 Portatus
1578 2761 1699 2826 autem
1723 2759 1759 2825 in
1784 2760 2023 2825 tutamentum
2046 2757 2129 2825 erit.
2154 2759 2192 2823 et
2215 2756 2421 2824 facundum.

571 2908 608 2974 et
629 2909 807 2992 potentem
831 2911 868 2975 et
890 2910 1034 2995 gratum
1059 2913 1096 2976 et
1118 2909 1324 2977 suadentem
1347 2909 1436 2978 facit
1459 2929 1540 2978 eum
1564 2913 1625 2998 qui
1649 2911 1780 2998 portat.
1805 2911 1867 2979 sed
1889 2915 1926 2979 et
1942 2914 2125 2979 robustum
2140 2913 2177 2979 et
2193 2913 2347 2978 colorem
2364 2915 2426 2980 bo-

572 3079 656 3129 num
680 3063 779 3129 lacit.
804 3065 842 3129 et
863 3062 909 3130 ad
933 3063 1038 3130 deum
1063 3067 1100 3129 et
1125 3063 1168 3130 ad
1192 3063 1371 3131 hominem
1397 3065 1605 3133 amabilem.

616 3217 721 3304 Lapis
743 3217 975 3303 odontelycio.
1000 3218 1230 3303 Odontelycio
1254 3219 1360 3305 lapis.
1386 3220 1479 3287 idest
1501 3219 1577 3305 lupi
1601 3219 1736 3287 dentes.
1762 3220 1923 3307 prosperi
1947 3222 2086 3287 suntet
2111 3219 2218 3286 utiles
2250 3220 2425 3289 militibus

570 3373 607 3440 et
629 3374 902 3441 veneratoribus
927 3375 964 3440 et
987 3375 1108 3459 rapire
1131 3373 1270 3462 aliquid
1295 3375 1508 3454 volentibus,
1534 3377 1571 3441 et
1593 3393 1658 3460 per
1681 3393 1812 3462 aquam
1835 3374 2079 3441 divinantibus
2100 3377 2164 3442 aut
2186 3392 2251 3460 per
2273 3392 2416 3442 sensum

571 3530 746 3599 divinare.
772 3532 907 3616 positus
928 3532 1052 3598 subtus
1075 3529 1207 3598 fundus
1229 3529 1345 3599 iuscifl
1369 3531 1447 3613 (sic)
1472 3529 1537 3613 (6).
1563 3529 1633 3594 Pro
1665 3527 1928 3595 firmamentum
1960 3526 2156 3595 insentibus
2181 3528 2419 3595 tutamentum

569 3683 710 3751 firmum
733 3683 867 3769 prebet.
892 3680 975 3768 Apti
998 3681 1082 3748 sunt
1109 3680 1230 3747 autem
1254 3679 1412 3748 maxime
1436 3680 1574 3749 iuribus
1598 3681 1660 3769 qui
1684 3681 1802 3748 aliena
1825 3682 1948 3748 furare
1971 3681 2133 3766 cupiunt.

612 3835 717 3921 Lapis
739 3834 923 3902 alectorio.
950 3835 1124 3903 alectorio
1146 3855 1232 3905 vero
1256 3834 1348 3922 lapis
1371 3834 1555 3903 invenitur
1568 3835 1610 3932 in
1629 3835 1839 3903 ventriculis
1862 3835 2137 3922 gallinaciorum
2162 3835 2303 3903 modum
2325 3833 2421 3903 favae

582 4094 857 4110 m

615 4247 663 4329 (l)
685 4249 721 4309 P.
748 4272 760 4304 r
783 4252 816 4309 ct
836 4251 1014 4328 superpone
1037 4247 1137 4307 multa
1159 4263 1258 4324 grana
1280 4246 1421 4326 lapidum
1443 4247 1758 4316 diversissimorum,
1794 4251 1826 4306 et
1846 4247 1944 4306 istum
1965 4246 2048 4306 inter
2068 4264 2148 4314 ecs,
2184 4249 2215 4307 et
2237 4244 2363 4306 dimitte
2388 4247 2428 4304 ut

573 4393 780 4455 comburatur
798 4411 862 4454 una
882 4392 960 4454 hora
981 4391 1019 4452 A.
1044 4413 1056 4446 r
1083 4394 1115 4450 et
1136 4408 1312 4470 superpone
1333 4389 1440 4450 multa
1456 4353 1574 4468 ponera
1595 4389 1735 4469 lapidum
1756 4389 2055 4458 diversissimorum,
2079 4395 2111 4450 et
2133 4391 2229 4451 istum
2250 4391 2427 4460 intereos,

572 4543 604 4598 et
624 4537 759 4608 dimitte,
781 4541 817 4598 ut
838 4537 1044 4599 comburatur
1064 4554 1126 4597 una
1148 4534 1236 4597 hora.
1261 4558 1273 4591 ι

613 4682 661 4762 (2)
684 4683 719 4743 P.
748 4707 759 4740 ι
783 4681 882 4743 habet
904 4682 1038 4742 virtutes
1060 4682 1227 4749 maximas,
1250 4699 1324 4740 narn
1345 4679 1586 4757 circumligatus
1607 4679 1692 4758 regis
1714 4677 1910 4746 concubinis,
1932 4677 2009 4737 iacit
2030 4682 2065 4736 ut
2086 4695 2145 4737 nec
2160 4677 2350 4756 concipiant,
2367 4695 2437 4738 uec

572 4828 698 4905 pariant
720 4814 755 4888 »J
772 4826 810 4887 A.
837 4849 848 4883 r
873 4825 978 4886 Habet
999 4825 1132 4886 virtutes
1153 4825 1320 4892 maximas,
1343 4842 1416 4884 nam
1438 4825 1576 4901 regiain
1598 4823 1682 4884 coitu
1705 4821 1912 4892 concubinis,
1935 4825 1967 4881 et
1988 4839 2049 4881 uon
2070 4819 2230 4882 deformes
2251 4825 2304 4881 aut
2325 4839 2440 4884 nanos

574 4971 654 5035 filios
673 4975 852 5053 procreent,
876 4970 1135 5048 circumligant...
1158 4961 1243 5046 ragis
1265 4967 1557 5033 concubinishunc
1578 4966 1726 5047 lapidem,
1749 4971 1867 5029 utnon
1889 4965 2067 5044 concipiant
2088 4982 2147 5025 nec
2167 4965 2304 5046 pariant.
2330 4990 2342 5022 ι

613 5115 662 5196 (3)
683 5113 742 5176 Nel
763 5086 987 5174 Pitra'manca
1007 5113 1038 5173 la
1059 5111 1168 5192 parole
1189 5115 1424 5189 preposterum.
1454 5089 1459 5097 .

615 5259 664 5340 (4)
685 5261 722 5322 Ρ.
750 5283 762 5317 r
786 5258 842 5321 sed
864 5277 961 5338 quum
983 5257 1121 5320 similem
1144 5256 1241 5316 habet
1263 5256 1400 5317 colorem
1421 5256 1498 5336 pelli
1520 5255 1632 5316 leonis.
1659 5278 1671 5310 ι

613 5404 662 5486 (5)
685 5403 720 5464 Ρ.
748 5429 759 5461 ι
783 5403 866 5466 tollit
888 5402 1040 5473 dolorem;
1065 5407 1095 5461 et
1117 5401 1298 5481 viperarum
1320 5419 1460 5460 morsum
1483 5407 1583 5462 curat:
1599 5400 1693 5460 tritus
1714 5418 1825 5459 verum
1846 5417 1941 5478 supra
1963 5397 2107 5467 vulnera,
2123 5417 2263 5480 sparsus,
2280 5404 2312 5459 et
2333 5396 2448 5463 datus

575 5549 608 5608 in
628 5549 754 5630 potione
776 5567 848 5609 cum
870 5547 953 5615 vino,
976 5550 1067 5607 sanat
1090 5569 1117 5604 ι.
1139 5581 1180 5590 -
1201 5545 1238 5604 Α.
1267 5543 1385 5604 «tollit
1406 5543 1571 5614 dolorem;
1607 5545 1702 5605 tritus
1723 5549 1755 5605 et
1777 5543 1962 5605 vulneribus
1984 5563 2132 5624 aspersus
2164 5548 2213 5608 vel
2245 5545 2279 5606 in
2299 5546 2451 5625 potione

573 5710 648 5753 cum
671 5693 741 5754 vino
765 5691 870 5754 datus.
893 5691 1075 5769 viperarum
1097 5694 1189 5749 sanat
1210 5707 1343 5749 morsus.
1371 5711 1382 5742 ι

613 5833 661 5913 (6)
683 5832 719 5893 Ρ.
744 5852 761 5892 e
783 5833 822 5896 A.
849 5857 861 5889 r
885 5837 940 5892 aut
961 5849 1018 5911 per
1039 5849 1165 5892 sensum
1188 5831 1377 5898 divinalem,
1400 5833 1523 5912 positus
1551 5833 1666 5895 subtus
1688 5835 1783 5898 fundo
1804 5835 1924 5916 scyphi.
1951 5860 1962 5890 ι
