5398 7106
617 467 686 540 180
908 487 910 494 ’
1167 469 1172 486 ’
1237 467 1415 542 CODEX
1447 466 1720 541 clvllllsls

564 663 644 747 ipsu
668 681 731 746 por
755 665 867 729 totum
892 663 1136 732 commitatum
1163 663 1332 739 nucerio,
1360 666 1479 731 monte
1503 664 1540 730 et
1562 665 1697 750 plano,
1722 665 1760 729 et
1782 666 1874 730 casis
1897 665 1994 732 intus
2017 669 2135 734 castro
2160 685 2333 740 nucero,
2361 671 2415 734 vel

434 815 441 828 ‘
566 817 779 904 ubicumque
801 817 844 884 de
867 817 944 903 ipso
968 820 1074 886 rebus
1096 820 1260 888 stabilem
1284 819 1451 886 iubentus
1474 819 1625 896 dederit,
1644 819 1801 906 qualiter
1824 820 1934 905 ipsius
1956 820 2113 906 genitori
2137 823 2174 888 et
2196 821 2408 906 genitricem

563 989 711 1058 meaque
735 972 831 1039 lacta
854 970 1022 1039 iubentus
1045 972 1211 1048 dederit,
1251 973 1408 1060 qualiter
1431 970 1573 1040 illorum
1597 972 1772 1060 pertinuit
1793 991 1858 1060 per
1879 976 1993 1042 totum
2024 977 2232 1042 comitatum
2257 977 2413 1050 nucerio,

562 1129 680 1195 monte
703 1130 741 1194 et
763 1128 897 1214 plano,
938 1130 976 1193 et
998 1146 1062 1213 per
1085 1128 1212 1196 fluibus
1246 1129 1283 1194 et
1304 1126 1536 1213 pertinentiis
1559 1128 1646 1192 locis
1670 1125 1815 1192 nucerie
1850 1124 1915 1192 tibi
1938 1125 2120 1192 nominato
2156 1124 2311 1190 mirandi
2346 1125 2419 1192 filio
2495 1097 2498 1102 ¹

562 1281 741 1369 quondam
766 1281 978 1349 machenolfl
1001 1281 1161 1350 dedimus
1184 1285 1222 1350 et
1244 1281 1460 1350 tradidimus
1483 1300 1564 1348 cum
1589 1281 1820 1366 omnibusque
1844 1278 1942 1346 intra
1964 1277 2050 1364 ipsis
2073 1282 2179 1346 rebus
2217 1278 2418 1354 edentibus,

561 1437 748 1523 cuntisque
772 1451 896 1502 earum
920 1435 1150 1521 pertinentiis
1173 1439 1313 1506 etcum
1337 1435 1424 1536 vice·
1438 1435 1482 1502 de
1507 1434 1564 1502 bie
1587 1453 1662 1512 sue,
1688 1434 1734 1500 Ut
1756 1451 1896 1520 semper
1919 1433 1965 1500 sit
1989 1434 2027 1500 in
2043 1433 2213 1520 potestati
2239 1435 2298 1498 tue
2321 1436 2359 1500 et
2378 1432 2422 1499 de

563 1589 616 1656 tui
640 1588 763 1656 eredes
780 1588 942 1656 'faciendi
966 1607 1013 1655 ex
1037 1607 1078 1656 eo
1103 1588 1266 1675 quicquit
1291 1588 1502 1664 volueritis;
1543 1589 1580 1654 et
1602 1589 1747 1674 probter
1770 1587 2073 1654 confirmationem
2099 1587 2177 1653 uius
2201 1589 2323 1653 nostra
2347 1589 2420 1652 tra-

561 1744 652 1814 ditio
677 1761 739 1812 nos
763 1742 925 1811 iamdicti
949 1743 1063 1810 viret
1088 1763 1178 1810 uxor
1202 1745 1401 1830 recepimus
1424 1763 1446 1810 a
1471 1746 1504 1810 te
1528 1743 1709 1810 nominato
1732 1741 1916 1808 mirandus
1939 1745 2020 1808 auri
2044 1741 2116 1807 tari
2140 1740 2222 1808 voni
2246 1741 2423 1827 quinqua·

563 1901 669 1984 ginta
692 1898 730 1964 in
753 1897 849 1965 omni
873 1895 1183 1973 deliverationem,
1209 1897 1303 1963 siout
1325 1896 1422 1964 iuter
1446 1896 1545 1963 nobis
1568 1896 1747 1972 convenit,
1773 1897 1821 1961 De
1844 1914 1915 1981 qua
1953 1914 2016 1980 per
2040 1913 2131 1961 vona
2162 1894 2423 1962 comvenientia

563 2069 627 2117 nos
652 2049 812 2116 iamdicti
837 2050 892 2116 vir
915 2051 952 2116 et
976 2067 1068 2116 uxor
1090 2049 1225 2134 guadio
1249 2049 1315 2117 tibi
1340 2049 1495 2118 mirandi
1518 2049 1679 2117 dedimus
1704 2069 1769 2136 ego
1793 2052 1889 2118 tacta
1911 2052 2112 2135 presentem
2137 2051 2247 2136 ipsius
2270 2051 2420 2120 iohanni

563 2201 641 2269 biro
665 2221 788 2280 meus,
815 2203 852 2270 in
877 2204 978 2271 cuius
1002 2204 1187 2271 mundium
1211 2223 1316 2281 sum,
1342 2209 1379 2270 et
1402 2205 1634 2274 fideiuxorem
1658 2207 1724 2274 tibi
1748 2207 1928 2293 posuimus
1952 2225 2015 2273 nos
2042 2205 2129 2292 ipsis
2144 2203 2159 2282 ;'
2193 2209 2230 2272 et
2252 2225 2316 2292 per
2340 2205 2418 2292 ipsa

558 2359 695 2442 guadia
716 2359 955 2444 obligabimus
979 2377 1042 2427 nos
1065 2363 1102 2428 et
1125 2361 1255 2428 nostris
1278 2359 1444 2428 eredibus
1467 2379 1608 2450 semper
1630 2361 1818 2428 defendere
1844 2360 1941 2428 vobis
1966 2361 2162 2448 vestrisque
2186 2360 2350 2428 eredibus
2367 2363 2421 2427 in-

558 2518 664 2601 tegra
686 2518 933 2602 suprascripta
949 2519 1072 2584 nostra
1096 2515 1302 2594 traditione,
1316 2517 1410 2583 sicut
1432 2515 1717 2602 suprascriptum
1742 2519 1807 2593 est,
1822 2535 1903 2582 cum
1927 2513 2004 2583 vice
2027 2516 2071 2582 de
2088 2517 2220 2583 hiesus
2244 2519 2289 2582 ab
2304 2515 2417 2582 omni-

564 2672 628 2736 bus
651 2668 828 2736 ominibus
851 2673 1018 2756 omnique
1042 2670 1232 2755 partibus;
1269 2672 1305 2735 et
1329 2669 1469 2756 quaudo
1493 2669 1678 2738 volueritis
1702 2673 1741 2736 tu
1764 2671 1801 2736 et
1824 2669 1878 2735 tui
1900 2669 2022 2736 eredes
2047 2671 2256 2755 potestatem
2280 2672 2420 2736 abeatis

560 2822 674 2890 modis
696 2822 781 2889 illut
803 2823 1019 2896 defendere,
1046 2823 1204 2910 qualiter
1228 2822 1440 2900 volueritis,
1478 2841 1558 2889 cum
1582 2824 1744 2892 omnibus
1767 2823 2020 2890 muniminibus
2044 2829 2080 2889 et
2105 2823 2301 2890 rationibus
2326 2841 2415 2909 quas

553 2977 644 3044 inde
666 2975 880 3052 ostederitis3
907 2979 943 3042 et
965 2976 1008 3076 si,
1026 2975 1119 3042 sicut
1142 2977 1305 3060 superius
1328 2975 1501 3062 scriptum
1525 2979 1591 3044 est.
1605 2995 1745 3062 semper
1769 2977 1893 3043 taliter
1917 2977 2002 3044 illut
2025 2977 2090 3042 tibi
2110 2977 2241 3062 tuique
2257 2976 2421 3045 eredibus

558 3151 631 3198 non
655 3131 970 3216 adimpleverimus
993 3132 1030 3198 et
1053 3129 1332 3215 suprascriptam
1359 3131 1414 3195 vel
1438 3149 1484 3196 ex
1509 3131 1561 3196 eis
1577 3131 1768 3218 quicquam
1793 3150 1973 3198 removere
1997 3134 2061 3198 aut
2077 3131 2323 3198 contradicere
2339 3149 2419 3217 pre-

555 3285 788 3376 sumserimus
812 3303 876 3370 per
900 3283 1026 3370 quabis
1049 3281 1202 3354 modum,
1222 3301 1285 3368 per
1308 3283 1422 3368 ipsam
1446 3285 1615 3370 guadiam
1639 3285 1875 3372 obligavimus
1900 3303 1962 3351 nos
1985 3285 2046 3371 qui
2062 3303 2172 3371 supra
2188 3284 2244 3352 bir
2267 3286 2304 3351 et
2320 3303 2417 3351 uxor

557 3438 595 3503 et
618 3436 748 3504 nostris
771 3437 936 3504 eredibus
959 3453 1170 3522 componere
1195 3436 1259 3503 tibi
1283 3437 1407 3521 tuique
1430 3437 1596 3506 eredibus
1619 3437 1751 3524 viginti
1774 3436 1856 3504 auri
1880 3437 2009 3506 solidos
2032 3437 2287 3514 constantinus,
2306 3439 2343 3504 et
2357 3457 2414 3504 su-

560 3592 764 3678 prascripta
787 3592 885 3660 vobis
908 3591 1178 3678 adimpleamus,
1205 3595 1242 3658 et
1265 3592 1349 3659 illut
1372 3592 1433 3678 qui
1456 3611 1564 3678 super
1587 3595 1739 3678 positum
1763 3595 1817 3660 est
1840 3593 1936 3659 inter
1959 3593 2027 3679 ipsi
2051 3593 2186 3680 birguli
2210 3593 2354 3679 legitur,
2382 3596 2419 3660 et

556 3744 675 3830 plano,
687 3747 724 3812 et
735 3745 847 3812 alium
860 3739 974 3812 locum
988 3748 1139 3811 nucerio.
1151 3747 1262 3822 eram
1274 3751 1308 3810 te
1315 3747 1436 3830 petrus
1446 3745 1711 3830 protonotarius
1722 3747 1879 3815 scribere
1892 3747 2109 3832 rogavimus,
2121 3751 2241 3814 actum
2251 3746 2411 3813 nucerie.

601 3899 629 3988 †
653 3903 728 3986 Ego
752 3900 967 3968 romoaldus.

601 4052 628 4142 †
653 4055 727 4140 Ego
750 4053 935 4120 iohannes.

1343 4466 1607 4548 MCLXX

1343 4682 1403 4756 A.
1431 4678 1487 4752 D.
1517 4678 1639 4752 1052

489 4965 491 4970 ·
598 4947 686 5037 †lu
711 4949 852 5017 nomine
876 4949 1010 5018 domini
1035 4950 1219 5018 undecimo
1244 4966 1338 5016 anuo
1361 4946 1584 5034 principatus
1608 4944 1727 5013 domui
1752 4943 1865 5010 nostri
1889 4943 2008 5030 gisulfi
2043 4943 2191 5028 gloriosi
2219 4942 2410 5029 principis,

554 5121 675 5170 mense
698 5106 909 5190 september,
935 5107 1040 5172 sexta
1063 5101 1269 5170 indictione.
1295 5099 1585 5168 Memoratorium
1612 5099 1746 5166 tactum
1774 5117 1796 5164 a
1820 5115 1876 5164 me
1900 5091 2120 5184 grimoaldus
2156 5097 2299 5164 erarius
2323 5097 2417 5164 filius

555 5258 731 5343 quondam
757 5257 948 5334 iohannis,
988 5261 1073 5326 ante
1096 5257 1349 5326 subscribentis
1373 5254 1522 5322 testibus
1545 5271 1610 5340 per
1633 5249 1931 5348 combenientiam
1955 5249 2104 5317 tradidit
2128 5250 2237 5317 michi
2261 5251 2414 5318 domnus

555 5409 705 5478 alferius
728 5409 897 5479 diaconus
921 5411 1202 5497 archipresbiter
1225 5413 1261 5478 et
1283 5410 1393 5477 abbas
1417 5408 1564 5475 ecclesie
1588 5405 1705 5474 sancti
1728 5403 1905 5482 maximi,
1933 5423 2001 5491 que
2024 5403 2095 5470 sita
2118 5407 2172 5472 est
2193 5404 2293 5471 intra
2324 5407 2412 5472 banc

554 5567 813 5636 salernitanam
830 5567 1025 5643 civitatem,
1052 5585 1125 5633 una
1148 5584 1228 5632 cum
1244 5564 1437 5632 advocatus
1453 5561 1565 5648 ipsius
1588 5559 1735 5629 ecclesie
1751 5561 1887 5626 terram
1905 5562 2017 5628 bacua
2032 5559 2276 5644 pertinentem
2302 5558 2412 5645 ipsius

555 5722 731 5799 ecclesie,
769 5741 837 5810 que
860 5724 915 5790 est
937 5710 1035 5789 intus
1057 5699 1255 5805 predictam
1279 5717 1461 5786 civitatem
1485 5736 1508 5784 a
1531 5735 1637 5802 super
1660 5719 1696 5782 et
1720 5737 1788 5784 non
1812 5717 1966 5783 multum
1991 5717 2099 5800 longe
2132 5716 2178 5781 ab
2201 5714 2278 5800 ipsa
2301 5717 2411 5782 eccle-
