<?xml version="1.0" encoding="UTF-8"?>
<!DOCTYPE html PUBLIC "-//W3C//DTD XHTML 1.0 Transitional//EN"
    "http://www.w3.org/TR/xhtml1/DTD/xhtml1-transitional.dtd">
<html xmlns="http://www.w3.org/1999/xhtml" xml:lang="en" lang="en">
 <head>
  <title>
</title>
<meta http-equiv="Content-Type" content="text/html;charset=utf-8" />
  <meta name='ocr-system' content='tesseract 3.04.00' />
  <meta name='ocr-capabilities' content='ocr_page ocr_carea ocr_par ocr_line ocrx_word'/>
</head>
<body>
  <div class='ocr_page' id='page_1' title='image "./codexdiplomatic01aragoog_0105.png"; bbox 0 0 5454 7104; ppageno 0'>
   <div class='ocr_carea' id='block_1_1' title="bbox 1019 527 2118 611">
    <p class='ocr_par' dir='ltr' id='par_1_1' title="bbox 1019 527 2118 611">
     <span class='ocr_line' id='line_1_1' title="bbox 1019 527 2118 611; baseline 0.012 -13"><span class='ocrx_word' id='word_1_1' title='bbox 1019 527 1480 606; x_wconf 81' lang='lat' dir='ltr'>DlPLOMATlCUS</span> <span class='ocrx_word' id='word_1_2' title='bbox 2074 537 2118 611; x_wconf 78' lang='grc'>69</span> 
     </span>
    </p>
   </div>
   <div class='ocr_carea' id='block_1_2' title="bbox 313 697 2167 823">
    <p class='ocr_par' dir='ltr' id='par_1_2' title="bbox 313 697 2167 823">
     <span class='ocr_line' id='line_1_2' title="bbox 313 697 2167 823; baseline 0.008 -33"><span class='ocrx_word' id='word_1_3' title='bbox 313 722 412 808; x_wconf 88' lang='lat' dir='ltr'>passi</span> <span class='ocrx_word' id='word_1_4' title='bbox 440 723 562 790; x_wconf 90' lang='lat' dir='ltr'>decem</span> <span class='ocrx_word' id='word_1_5' title='bbox 586 725 623 790; x_wconf 93' lang='lat' dir='ltr'>et</span> <span class='ocrx_word' id='word_1_6' title='bbox 645 729 745 800; x_wconf 87' lang='lat' dir='ltr'>octo;</span> <span class='ocrx_word' id='word_1_7' title='bbox 771 727 808 790; x_wconf 90' lang='lat' dir='ltr'>et</span> <span class='ocrx_word' id='word_1_8' title='bbox 830 722 912 791; x_wconf 92' lang='lat' dir='ltr'>inde</span> <span class='ocrx_word' id='word_1_9' title='bbox 935 697 1084 793; x_wconf 88' lang='lat' dir='ltr'>rebolbit</span> <span class='ocrx_word' id='word_1_10' title='bbox 1117 726 1155 795; x_wconf 90' lang='lat' dir='ltr'>in</span> <span class='ocrx_word' id='word_1_11' title='bbox 1179 731 1283 812; x_wconf 89' lang='lat' dir='ltr'>parte</span> <span class='ocrx_word' id='word_1_12' title='bbox 1305 727 1453 796; x_wconf 86' lang='lat' dir='ltr'>orientis</span> <span class='ocrx_word' id='word_1_13' title='bbox 1488 747 1552 816; x_wconf 93' lang='lat' dir='ltr'>per</span> <span class='ocrx_word' id='word_1_14' title='bbox 1574 729 1661 796; x_wconf 87' lang='lat' dir='ltr'>flnes</span> <span class='ocrx_word' id='word_1_15' title='bbox 1684 729 1853 816; x_wconf 88' lang='lat' dir='ltr'>illorum,</span> <span class='ocrx_word' id='word_1_16' title='bbox 1877 735 1914 800; x_wconf 89' lang='lat' dir='ltr'>et</span> <span class='ocrx_word' id='word_1_17' title='bbox 1936 735 2167 823; x_wconf 85' lang='lat' dir='ltr'>coniungitur</span> 
     </span>
    </p>
   </div>
   <div class='ocr_carea' id='block_1_3' title="bbox 199 876 2169 978">
    <p class='ocr_par' dir='ltr' id='par_1_3' title="bbox 199 876 2169 978">
     <span class='ocr_line' id='line_1_3' title="bbox 199 876 2169 978; baseline 0.007 -35"><span class='ocrx_word' id='word_1_18' title='bbox 199 903 200 906; x_wconf 41' lang='lat'>¹</span> <span class='ocrx_word' id='word_1_19' title='bbox 305 879 346 944; x_wconf 92' lang='lat' dir='ltr'>in</span> <span class='ocrx_word' id='word_1_20' title='bbox 383 876 497 964; x_wconf 81' lang='lat' dir='ltr'>ipsam</span> <span class='ocrx_word' id='word_1_21' title='bbox 521 877 628 955; x_wconf 88' lang='lat' dir='ltr'>viam,</span> <span class='ocrx_word' id='word_1_22' title='bbox 654 897 722 964; x_wconf 90' lang='lat' dir='ltr'>que</span> <span class='ocrx_word' id='word_1_23' title='bbox 745 882 799 946; x_wconf 89' lang='lat' dir='ltr'>est</span> <span class='ocrx_word' id='word_1_24' title='bbox 821 881 919 968; x_wconf 89' lang='lat' dir='ltr'>prior</span> <span class='ocrx_word' id='word_1_25' title='bbox 942 881 1032 950; x_wconf 87' lang='lat' dir='ltr'>finis.</span> <span class='ocrx_word' id='word_1_26' title='bbox 1058 881 1167 948; x_wconf 82' lang='lat' dir='ltr'>Senta</span> <span class='ocrx_word' id='word_1_27' title='bbox 1189 880 1302 968; x_wconf 90' lang='lat' dir='ltr'>pecia,</span> <span class='ocrx_word' id='word_1_28' title='bbox 1328 901 1397 968; x_wconf 93' lang='lat' dir='ltr'>que</span> <span class='ocrx_word' id='word_1_29' title='bbox 1420 882 1552 950; x_wconf 89' lang='lat' dir='ltr'>dicitur</span> <span class='ocrx_word' id='word_1_30' title='bbox 1574 883 1742 952; x_wconf 85' lang='lat' dir='ltr'>similiter</span> <span class='ocrx_word' id='word_1_31' title='bbox 1765 884 1810 952; x_wconf 94' lang='lat' dir='ltr'>ad</span> <span class='ocrx_word' id='word_1_32' title='bbox 1834 888 2006 966; x_wconf 91' lang='lat' dir='ltr'>traberse,</span> <span class='ocrx_word' id='word_1_33' title='bbox 2031 892 2069 955; x_wconf 93' lang='lat' dir='ltr'>et</span> <span class='ocrx_word' id='word_1_34' title='bbox 2090 908 2169 978; x_wconf 88' lang='lat' dir='ltr'>per-</span> 
     </span>
    </p>
   </div>
   <div class='ocr_carea' id='block_1_4' title="bbox 296 1031 2259 4830">
    <p class='ocr_par' dir='ltr' id='par_1_4' title="bbox 296 1031 2259 4830">
     <span class='ocr_line' id='line_1_4' title="bbox 313 1031 2157 1127; baseline 0.007 -29"><span class='ocrx_word' id='word_1_35' title='bbox 313 1031 404 1098; x_wconf 82' lang='lat' dir='ltr'><strong>tinet</strong></span> <span class='ocrx_word' id='word_1_36' title='bbox 426 1051 471 1098; x_wconf 85' lang='lat' dir='ltr'>ex</span> <span class='ocrx_word' id='word_1_37' title='bbox 496 1052 540 1099; x_wconf 89' lang='lat' dir='ltr'>ea</span> <span class='ocrx_word' id='word_1_38' title='bbox 563 1032 627 1119; x_wconf 87' lang='lat' dir='ltr'>ipsi</span> <span class='ocrx_word' id='word_1_39' title='bbox 653 1033 726 1100; x_wconf 88' lang='lat' dir='ltr'>risu</span> <span class='ocrx_word' id='word_1_40' title='bbox 750 1037 786 1101; x_wconf 92' lang='lat' dir='ltr'>et</span> <span class='ocrx_word' id='word_1_41' title='bbox 808 1054 966 1122; x_wconf 81' lang='lat' dir='ltr'>purpure</span> <span class='ocrx_word' id='word_1_42' title='bbox 990 1038 1118 1122; x_wconf 88' lang='lat' dir='ltr'>quarta</span> <span class='ocrx_word' id='word_1_43' title='bbox 1141 1055 1236 1122; x_wconf 89' lang='lat' dir='ltr'>pars,</span> <span class='ocrx_word' id='word_1_44' title='bbox 1262 1039 1299 1103; x_wconf 88' lang='lat' dir='ltr'>et</span> <span class='ocrx_word' id='word_1_45' title='bbox 1322 1039 1397 1105; x_wconf 89' lang='lat' dir='ltr'>tota</span> <span class='ocrx_word' id='word_1_46' title='bbox 1420 1037 1498 1124; x_wconf 90' lang='lat' dir='ltr'>ipsa</span> <span class='ocrx_word' id='word_1_47' title='bbox 1521 1038 1623 1126; x_wconf 90' lang='lat' dir='ltr'>peoia</span> <span class='ocrx_word' id='word_1_48' title='bbox 1646 1040 1700 1106; x_wconf 90' lang='lat' dir='ltr'>est</span> <span class='ocrx_word' id='word_1_49' title='bbox 1723 1058 1786 1127; x_wconf 92' lang='lat' dir='ltr'>per</span> <span class='ocrx_word' id='word_1_50' title='bbox 1800 1039 1887 1108; x_wconf 87' lang='lat' dir='ltr'>flues</span> <span class='ocrx_word' id='word_1_51' title='bbox 1909 1044 1946 1108; x_wconf 90' lang='lat' dir='ltr'>et</span> <span class='ocrx_word' id='word_1_52' title='bbox 1961 1060 2157 1120; x_wconf 66' lang='lat' dir='ltr'>mensuras</span> 
     </span>
     <span class='ocr_line' id='line_1_5' title="bbox 305 1169 2169 1282; baseline 0.006 -28"><span class='ocrx_word' id='word_1_53' title='bbox 305 1207 331 1254; x_wconf 86' lang='lat' dir='ltr'>a</span> <span class='ocrx_word' id='word_1_54' title='bbox 358 1191 461 1272; x_wconf 90' lang='lat' dir='ltr'>parte</span> <span class='ocrx_word' id='word_1_55' title='bbox 485 1169 645 1256; x_wconf 88' lang='lat' dir='ltr'>meridiei</span> <span class='ocrx_word' id='word_1_56' title='bbox 681 1192 735 1257; x_wconf 88' lang='lat' dir='ltr'>est</span> <span class='ocrx_word' id='word_1_57' title='bbox 756 1191 837 1258; x_wconf 87' lang='lat' dir='ltr'>flnis</span> <span class='ocrx_word' id='word_1_58' title='bbox 860 1191 944 1268; x_wconf 85' lang='lat' dir='ltr'>via,</span> <span class='ocrx_word' id='word_1_59' title='bbox 970 1211 1036 1280; x_wconf 91' lang='lat' dir='ltr'>que</span> <span class='ocrx_word' id='word_1_60' title='bbox 1059 1193 1158 1260; x_wconf 91' lang='lat' dir='ltr'>ducit</span> <span class='ocrx_word' id='word_1_61' title='bbox 1180 1191 1226 1260; x_wconf 91' lang='lat' dir='ltr'>ad</span> <span class='ocrx_word' id='word_1_62' title='bbox 1249 1213 1372 1272; x_wconf 89' lang='lat' dir='ltr'>mare,</span> <span class='ocrx_word' id='word_1_63' title='bbox 1398 1192 1481 1261; x_wconf 92' lang='lat' dir='ltr'>inde</span> <span class='ocrx_word' id='word_1_64' title='bbox 1504 1195 1601 1281; x_wconf 89' lang='lat' dir='ltr'>passi</span> <span class='ocrx_word' id='word_1_65' title='bbox 1633 1195 1826 1282; x_wconf 81' lang='lat' dir='ltr'>sexaginta</span> <span class='ocrx_word' id='word_1_66' title='bbox 1855 1195 1923 1265; x_wconf 93' lang='lat' dir='ltr'>duo</span> <span class='ocrx_word' id='word_1_67' title='bbox 1939 1207 1954 1276; x_wconf 89' lang='lat'>;&#39;</span> <span class='ocrx_word' id='word_1_68' title='bbox 1972 1199 2015 1266; x_wconf 93' lang='lat' dir='ltr'>de</span> <span class='ocrx_word' id='word_1_69' title='bbox 2037 1201 2169 1267; x_wconf 83' lang='lat' dir='ltr'><strong>subter</strong></span> 
     </span>
     <span class='ocr_line' id='line_1_6' title="bbox 296 1338 2166 1438; baseline 0.008 -31"><span class='ocrx_word' id='word_1_70' title='bbox 296 1345 417 1427; x_wconf 54' lang='lat' dir='ltr'>¹parte</span> <span class='ocrx_word' id='word_1_71' title='bbox 440 1338 531 1420; x_wconf 83' lang='lat' dir='ltr'>fluia,</span> <span class='ocrx_word' id='word_1_72' title='bbox 555 1343 648 1411; x_wconf 90' lang='lat' dir='ltr'>sicut</span> <span class='ocrx_word' id='word_1_73' title='bbox 671 1343 816 1412; x_wconf 84' lang='lat' dir='ltr'>termini</span> <span class='ocrx_word' id='word_1_74' title='bbox 838 1345 902 1412; x_wconf 83' lang='lat' dir='ltr'>flxi</span> <span class='ocrx_word' id='word_1_75' title='bbox 925 1348 1031 1423; x_wconf 89' lang='lat' dir='ltr'>sunt,</span> <span class='ocrx_word' id='word_1_76' title='bbox 1055 1349 1092 1413; x_wconf 92' lang='lat' dir='ltr'>et</span> <span class='ocrx_word' id='word_1_77' title='bbox 1114 1345 1197 1414; x_wconf 92' lang='lat' dir='ltr'>inde</span> <span class='ocrx_word' id='word_1_78' title='bbox 1220 1347 1315 1433; x_wconf 88' lang='lat' dir='ltr'>passi</span> <span class='ocrx_word' id='word_1_79' title='bbox 1340 1346 1470 1432; x_wconf 88' lang='lat' dir='ltr'>viginti</span> <span class='ocrx_word' id='word_1_80' title='bbox 1492 1349 1594 1424; x_wconf 88' lang='lat' dir='ltr'>octo;</span> <span class='ocrx_word' id='word_1_81' title='bbox 1620 1348 1663 1415; x_wconf 95' lang='lat' dir='ltr'>de</span> <span class='ocrx_word' id='word_1_82' title='bbox 1686 1351 1809 1436; x_wconf 83' lang='lat' dir='ltr'>supter</span> <span class='ocrx_word' id='word_1_83' title='bbox 1831 1349 1911 1418; x_wconf 85' lang='lat' dir='ltr'>finis</span> <span class='ocrx_word' id='word_1_84' title='bbox 1934 1351 2089 1438; x_wconf 91' lang='lat' dir='ltr'>ipsorum</span> <span class='ocrx_word' id='word_1_85' title='bbox 2114 1353 2166 1423; x_wconf 92' lang='lat' dir='ltr'>ia-</span> 
     </span>
     <span class='ocr_line' id='line_1_7' title="bbox 315 1497 2166 1591; baseline 0.005 -28"><span class='ocrx_word' id='word_1_86' title='bbox 315 1497 432 1585; x_wconf 88' lang='lat' dir='ltr'>quinti</span> <span class='ocrx_word' id='word_1_87' title='bbox 456 1503 492 1565; x_wconf 92' lang='lat' dir='ltr'>et</span> <span class='ocrx_word' id='word_1_88' title='bbox 515 1499 700 1577; x_wconf 89' lang='lat' dir='ltr'>ademarii,</span> <span class='ocrx_word' id='word_1_89' title='bbox 726 1505 762 1566; x_wconf 90' lang='lat' dir='ltr'>et</span> <span class='ocrx_word' id='word_1_90' title='bbox 785 1501 880 1586; x_wconf 89' lang='lat' dir='ltr'>passi</span> <span class='ocrx_word' id='word_1_91' title='bbox 903 1500 1167 1587; x_wconf 83' lang='lat' dir='ltr'>quinquaginta</span> <span class='ocrx_word' id='word_1_92' title='bbox 1190 1520 1274 1578; x_wconf 85' lang='lat' dir='ltr'>sex;</span> <span class='ocrx_word' id='word_1_93' title='bbox 1293 1501 1451 1588; x_wconf 87' lang='lat' dir='ltr'>reliquas</span> <span class='ocrx_word' id='word_1_94' title='bbox 1475 1502 1548 1566; x_wconf 91' lang='lat' dir='ltr'>tres</span> <span class='ocrx_word' id='word_1_95' title='bbox 1572 1503 1693 1586; x_wconf 88' lang='lat' dir='ltr'>partes</span> <span class='ocrx_word' id='word_1_96' title='bbox 1717 1501 1760 1570; x_wconf 90' lang='lat' dir='ltr'>de</span> <span class='ocrx_word' id='word_1_97' title='bbox 1784 1502 1861 1588; x_wconf 93' lang='lat' dir='ltr'>ipsa</span> <span class='ocrx_word' id='word_1_98' title='bbox 1884 1504 1986 1589; x_wconf 81' lang='lat' dir='ltr'>pecie</span> <span class='ocrx_word' id='word_1_99' title='bbox 2010 1505 2166 1591; x_wconf 89' lang='lat' dir='ltr'>pertinet</span> 
     </span>
     <span class='ocr_line' id='line_1_8' title="bbox 314 1653 2167 1743; baseline 0.005 -24"><span class='ocrx_word' id='word_1_100' title='bbox 314 1653 470 1740; x_wconf 89' lang='lat' dir='ltr'>ipsorum</span> <span class='ocrx_word' id='word_1_101' title='bbox 494 1653 649 1740; x_wconf 91' lang='lat' dir='ltr'>iaquinti</span> <span class='ocrx_word' id='word_1_102' title='bbox 682 1657 720 1722; x_wconf 90' lang='lat' dir='ltr'>et</span> <span class='ocrx_word' id='word_1_103' title='bbox 742 1654 925 1722; x_wconf 90' lang='lat' dir='ltr'>ademarii.</span> <span class='ocrx_word' id='word_1_104' title='bbox 950 1656 1209 1722; x_wconf 84' lang='lat' dir='ltr'>Verumtamen</span> <span class='ocrx_word' id='word_1_105' title='bbox 1242 1654 1489 1742; x_wconf 90' lang='lat' dir='ltr'>suprascripta</span> <span class='ocrx_word' id='word_1_106' title='bbox 1524 1654 1633 1722; x_wconf 86' lang='lat' dir='ltr'>tertia</span> <span class='ocrx_word' id='word_1_107' title='bbox 1654 1656 1769 1742; x_wconf 28' lang='lat' dir='ltr'>&#39;pecie</span> <span class='ocrx_word' id='word_1_108' title='bbox 1792 1677 1814 1724; x_wconf 89' lang='lat' dir='ltr'>a</span> <span class='ocrx_word' id='word_1_109' title='bbox 1837 1661 1939 1743; x_wconf 90' lang='lat' dir='ltr'>parte</span> <span class='ocrx_word' id='word_1_110' title='bbox 1973 1659 2167 1728; x_wconf 88' lang='lat' dir='ltr'>occidentis</span> 
     </span>
     <span class='ocr_line' id='line_1_9' title="bbox 308 1807 2162 1901; baseline 0.004 -26"><span class='ocrx_word' id='word_1_111' title='bbox 308 1807 502 1875; x_wconf 87' lang='lat' dir='ltr'>coniuncta</span> <span class='ocrx_word' id='word_1_112' title='bbox 525 1811 579 1874; x_wconf 87' lang='lat' dir='ltr'>est</span> <span class='ocrx_word' id='word_1_113' title='bbox 601 1807 647 1874; x_wconf 89' lang='lat' dir='ltr'>ad</span> <span class='ocrx_word' id='word_1_114' title='bbox 669 1809 756 1874; x_wconf 89' lang='lat' dir='ltr'>fines</span> <span class='ocrx_word' id='word_1_115' title='bbox 779 1808 935 1894; x_wconf 92' lang='lat' dir='ltr'>ipsorum</span> <span class='ocrx_word' id='word_1_116' title='bbox 961 1808 1023 1874; x_wconf 89' lang='lat' dir='ltr'>risi</span> <span class='ocrx_word' id='word_1_117' title='bbox 1046 1811 1082 1875; x_wconf 94' lang='lat' dir='ltr'>et</span> <span class='ocrx_word' id='word_1_118' title='bbox 1105 1827 1282 1895; x_wconf 81' lang='lat' dir='ltr'>purpure3</span> <span class='ocrx_word' id='word_1_119' title='bbox 1308 1811 1345 1874; x_wconf 87' lang='lat' dir='ltr'>et</span> <span class='ocrx_word' id='word_1_120' title='bbox 1368 1809 1541 1876; x_wconf 85' lang='lat' dir='ltr'>dixerunt</span> <span class='ocrx_word' id='word_1_121' title='bbox 1562 1828 1601 1876; x_wconf 86' lang='lat' dir='ltr'>se</span> <span class='ocrx_word' id='word_1_122' title='bbox 1625 1813 1732 1878; x_wconf 90' lang='lat' dir='ltr'>abere</span> <span class='ocrx_word' id='word_1_123' title='bbox 1756 1812 1832 1879; x_wconf 90' lang='lat' dir='ltr'>vice</span> <span class='ocrx_word' id='word_1_124' title='bbox 1854 1812 1897 1879; x_wconf 93' lang='lat' dir='ltr'>de</span> <span class='ocrx_word' id='word_1_125' title='bbox 1922 1811 1980 1879; x_wconf 87' lang='lat' dir='ltr'>bia</span> <span class='ocrx_word' id='word_1_126' title='bbox 2002 1831 2067 1899; x_wconf 93' lang='lat' dir='ltr'>per</span> <span class='ocrx_word' id='word_1_127' title='bbox 2082 1834 2162 1901; x_wconf 92' lang='lat' dir='ltr'>pro-</span> 
     </span>
     <span class='ocr_line' id='line_1_10' title="bbox 306 1961 2159 2053; baseline 0.003 -25"><span class='ocrx_word' id='word_1_128' title='bbox 306 1961 405 2048; x_wconf 87' lang='lat' dir='ltr'>prias</span> <span class='ocrx_word' id='word_1_129' title='bbox 430 1980 487 2028; x_wconf 91' lang='lat' dir='ltr'>res</span> <span class='ocrx_word' id='word_1_130' title='bbox 511 1961 667 2048; x_wconf 87' lang='lat' dir='ltr'>ipsorum</span> <span class='ocrx_word' id='word_1_131' title='bbox 691 1961 845 2048; x_wconf 90' lang='lat' dir='ltr'>iaquinti</span> <span class='ocrx_word' id='word_1_132' title='bbox 870 1964 906 2026; x_wconf 91' lang='lat' dir='ltr'>et</span> <span class='ocrx_word' id='word_1_133' title='bbox 928 1961 1115 2038; x_wconf 81' lang='lat' dir='ltr'>ademarii,</span> <span class='ocrx_word' id='word_1_134' title='bbox 1154 1961 1252 2028; x_wconf 86' lang='lat' dir='ltr'>Unde</span> <span class='ocrx_word' id='word_1_135' title='bbox 1274 1961 1370 2029; x_wconf 87' lang='lat' dir='ltr'>soliti</span> <span class='ocrx_word' id='word_1_136' title='bbox 1395 1966 1500 2029; x_wconf 91' lang='lat' dir='ltr'>erant</span> <span class='ocrx_word' id='word_1_137' title='bbox 1524 1962 1578 2029; x_wconf 87' lang='lat' dir='ltr'>ire</span> <span class='ocrx_word' id='word_1_138' title='bbox 1612 1963 1658 2030; x_wconf 91' lang='lat' dir='ltr'>ad</span> <span class='ocrx_word' id='word_1_139' title='bbox 1682 1963 1794 2049; x_wconf 89' lang='lat' dir='ltr'>ipsam</span> <span class='ocrx_word' id='word_1_140' title='bbox 1820 1967 1986 2053; x_wconf 88' lang='lat' dir='ltr'>quartam</span> <span class='ocrx_word' id='word_1_141' title='bbox 2008 1967 2159 2053; x_wconf 85' lang='lat' dir='ltr'>peciam.</span> 
     </span>
     <span class='ocr_line' id='line_1_11' title="bbox 305 2115 2166 2204; baseline 0.004 -21"><span class='ocrx_word' id='word_1_142' title='bbox 305 2119 362 2188; x_wconf 87' lang='lat' dir='ltr'>Et,</span> <span class='ocrx_word' id='word_1_143' title='bbox 380 2117 473 2182; x_wconf 88' lang='lat' dir='ltr'>sicut</span> <span class='ocrx_word' id='word_1_144' title='bbox 496 2115 563 2202; x_wconf 91' lang='lat' dir='ltr'>ipsi</span> <span class='ocrx_word' id='word_1_145' title='bbox 587 2116 660 2182; x_wconf 90' lang='lat' dir='ltr'>risa</span> <span class='ocrx_word' id='word_1_146' title='bbox 684 2117 720 2182; x_wconf 90' lang='lat' dir='ltr'>et</span> <span class='ocrx_word' id='word_1_147' title='bbox 742 2133 900 2200; x_wconf 89' lang='lat' dir='ltr'>purpure</span> <span class='ocrx_word' id='word_1_148' title='bbox 922 2134 1120 2200; x_wconf 89' lang='lat' dir='ltr'>congruum</span> <span class='ocrx_word' id='word_1_149' title='bbox 1143 2115 1212 2182; x_wconf 85' lang='lat' dir='ltr'>suit</span> <span class='ocrx_word' id='word_1_150' title='bbox 1235 2119 1326 2184; x_wconf 91' lang='lat' dir='ltr'>bona</span> <span class='ocrx_word' id='word_1_151' title='bbox 1349 2133 1472 2182; x_wconf 90' lang='lat' dir='ltr'>eorum</span> <span class='ocrx_word' id='word_1_152' title='bbox 1497 2116 1693 2192; x_wconf 88' lang='lat' dir='ltr'>boluntate‚</span> <span class='ocrx_word' id='word_1_153' title='bbox 1712 2137 1776 2204; x_wconf 94' lang='lat' dir='ltr'>per</span> <span class='ocrx_word' id='word_1_154' title='bbox 1793 2138 1860 2186; x_wconf 91' lang='lat' dir='ltr'>anc</span> <span class='ocrx_word' id='word_1_155' title='bbox 1876 2123 2054 2189; x_wconf 89' lang='lat' dir='ltr'>cartulam</span> <span class='ocrx_word' id='word_1_156' title='bbox 2070 2142 2166 2190; x_wconf 91' lang='lat' dir='ltr'>com-</span> 
     </span>
     <span class='ocr_line' id='line_1_12' title="bbox 314 2267 2165 2364; baseline 0.003 -26"><span class='ocrx_word' id='word_1_157' title='bbox 314 2271 523 2338; x_wconf 86' lang='lat' dir='ltr'>mutationis</span> <span class='ocrx_word' id='word_1_158' title='bbox 545 2271 669 2337; x_wconf 91' lang='lat' dir='ltr'>ordine</span> <span class='ocrx_word' id='word_1_159' title='bbox 693 2267 920 2337; x_wconf 87' lang='lat' dir='ltr'>tradiderunt</span> <span class='ocrx_word' id='word_1_160' title='bbox 942 2271 1027 2356; x_wconf 87' lang='lat' dir='ltr'>ipsis</span> <span class='ocrx_word' id='word_1_161' title='bbox 1051 2270 1210 2358; x_wconf 88' lang='lat' dir='ltr'>iaquinto</span> <span class='ocrx_word' id='word_1_162' title='bbox 1241 2273 1278 2338; x_wconf 87' lang='lat' dir='ltr'>et</span> <span class='ocrx_word' id='word_1_163' title='bbox 1300 2271 1482 2338; x_wconf 81' lang='lat' dir='ltr'>ademario</span> <span class='ocrx_word' id='word_1_164' title='bbox 1517 2271 1679 2358; x_wconf 87' lang='lat' dir='ltr'>integras</span> <span class='ocrx_word' id='word_1_165' title='bbox 1713 2273 1976 2361; x_wconf 89' lang='lat' dir='ltr'>suprascriptas</span> <span class='ocrx_word' id='word_1_166' title='bbox 2011 2277 2165 2364; x_wconf 88' lang='lat' dir='ltr'>quinquo</span> 
     </span>
     <span class='ocr_line' id='line_1_13' title="bbox 304 2423 2157 2512; baseline 0.003 -22"><span class='ocrx_word' id='word_1_167' title='bbox 304 2423 449 2510; x_wconf 84' lang='lat' dir='ltr'>pecias,</span> <span class='ocrx_word' id='word_1_168' title='bbox 475 2427 511 2490; x_wconf 93' lang='lat' dir='ltr'>et</span> <span class='ocrx_word' id='word_1_169' title='bbox 534 2424 712 2508; x_wconf 89' lang='lat' dir='ltr'>integram</span> <span class='ocrx_word' id='word_1_170' title='bbox 736 2426 902 2510; x_wconf 86' lang='lat' dir='ltr'>quartam</span> <span class='ocrx_word' id='word_1_171' title='bbox 926 2425 1064 2510; x_wconf 87' lang='lat' dir='ltr'>partem</span> <span class='ocrx_word' id='word_1_172' title='bbox 1099 2424 1143 2491; x_wconf 90' lang='lat' dir='ltr'>de</span> <span class='ocrx_word' id='word_1_173' title='bbox 1165 2423 1412 2510; x_wconf 88' lang='lat' dir='ltr'>suprascripta</span> <span class='ocrx_word' id='word_1_174' title='bbox 1435 2426 1540 2490; x_wconf 85' lang='lat' dir='ltr'>sexta</span> <span class='ocrx_word' id='word_1_175' title='bbox 1563 2425 1689 2509; x_wconf 81' lang='lat' dir='ltr'>pecta,</span> <span class='ocrx_word' id='word_1_176' title='bbox 1714 2445 1779 2512; x_wconf 88' lang='lat' dir='ltr'>per</span> <span class='ocrx_word' id='word_1_177' title='bbox 1802 2427 1990 2494; x_wconf 87' lang='lat' dir='ltr'>iamdictas</span> <span class='ocrx_word' id='word_1_178' title='bbox 2012 2430 2099 2496; x_wconf 87' lang='lat' dir='ltr'>fines</span> <span class='ocrx_word' id='word_1_179' title='bbox 2121 2433 2157 2495; x_wconf 91' lang='lat' dir='ltr'>et</span> 
     </span>
     <span class='ocr_line' id='line_1_14' title="bbox 307 2577 2160 2666; baseline 0.003 -20"><span class='ocrx_word' id='word_1_180' title='bbox 307 2596 505 2654; x_wconf 87' lang='lat' dir='ltr'>mensuras,</span> <span class='ocrx_word' id='word_1_181' title='bbox 530 2577 622 2644; x_wconf 87' lang='lat' dir='ltr'>iusto</span> <span class='ocrx_word' id='word_1_182' title='bbox 646 2597 751 2664; x_wconf 88' lang='lat' dir='ltr'>passu</span> <span class='ocrx_word' id='word_1_183' title='bbox 775 2577 903 2644; x_wconf 90' lang='lat' dir='ltr'>ominis</span> <span class='ocrx_word' id='word_1_184' title='bbox 926 2581 1145 2654; x_wconf 90' lang='lat' dir='ltr'>mensurata,</span> <span class='ocrx_word' id='word_1_185' title='bbox 1163 2582 1199 2644; x_wconf 90' lang='lat' dir='ltr'>et</span> <span class='ocrx_word' id='word_1_186' title='bbox 1222 2577 1335 2663; x_wconf 89' lang='lat' dir='ltr'>ipsam</span> <span class='ocrx_word' id='word_1_187' title='bbox 1361 2577 1472 2645; x_wconf 87' lang='lat' dir='ltr'>vicem</span> <span class='ocrx_word' id='word_1_188' title='bbox 1496 2579 1539 2645; x_wconf 93' lang='lat' dir='ltr'>de</span> <span class='ocrx_word' id='word_1_189' title='bbox 1562 2581 1804 2666; x_wconf 86' lang='lat' dir='ltr'>suprascripta</span> <span class='ocrx_word' id='word_1_190' title='bbox 1828 2581 1922 2651; x_wconf 91' lang='lat' dir='ltr'>viam</span> <span class='ocrx_word' id='word_1_191' title='bbox 1945 2603 2025 2650; x_wconf 90' lang='lat' dir='ltr'>cum</span> <span class='ocrx_word' id='word_1_192' title='bbox 2048 2587 2160 2652; x_wconf 91' lang='lat' dir='ltr'>omni·</span> 
     </span>
     <span class='ocr_line' id='line_1_15' title="bbox 313 2731 2259 2829; baseline 0.003 -31"><span class='ocrx_word' id='word_1_193' title='bbox 313 2733 448 2818; x_wconf 90' lang='lat' dir='ltr'>busque</span> <span class='ocrx_word' id='word_1_194' title='bbox 471 2731 568 2798; x_wconf 89' lang='lat' dir='ltr'>intra</span> <span class='ocrx_word' id='word_1_195' title='bbox 591 2732 686 2818; x_wconf 89' lang='lat' dir='ltr'>ipsas</span> <span class='ocrx_word' id='word_1_196' title='bbox 710 2733 865 2820; x_wconf 93' lang='lat' dir='ltr'>quinque</span> <span class='ocrx_word' id='word_1_197' title='bbox 888 2732 1019 2818; x_wconf 89' lang='lat' dir='ltr'>pecias,</span> <span class='ocrx_word' id='word_1_198' title='bbox 1045 2736 1081 2799; x_wconf 92' lang='lat' dir='ltr'>et</span> <span class='ocrx_word' id='word_1_199' title='bbox 1103 2733 1181 2818; x_wconf 89' lang='lat' dir='ltr'>ipsa</span> <span class='ocrx_word' id='word_1_200' title='bbox 1197 2737 1327 2819; x_wconf 88' lang='lat' dir='ltr'>quarta</span> <span class='ocrx_word' id='word_1_201' title='bbox 1342 2753 1426 2820; x_wconf 91' lang='lat' dir='ltr'>pars</span> <span class='ocrx_word' id='word_1_202' title='bbox 1442 2734 1486 2802; x_wconf 91' lang='lat' dir='ltr'>de</span> <span class='ocrx_word' id='word_1_203' title='bbox 1502 2735 1580 2822; x_wconf 90' lang='lat' dir='ltr'>ipsa</span> <span class='ocrx_word' id='word_1_204' title='bbox 1594 2737 1697 2802; x_wconf 84' lang='lat' dir='ltr'>sexta</span> <span class='ocrx_word' id='word_1_205' title='bbox 1711 2735 1813 2822; x_wconf 83' lang='lat' dir='ltr'>pecie</span> <span class='ocrx_word' id='word_1_206' title='bbox 1827 2741 1912 2804; x_wconf 92' lang='lat' dir='ltr'>sunt</span> <span class='ocrx_word' id='word_1_207' title='bbox 1926 2738 2157 2829; x_wconf 88' lang='lat' dir='ltr'>omnibusque</span> <span class='ocrx_word' id='word_1_208' title='bbox 2256 2798 2259 2804; x_wconf 88' lang='lat'>.</span> 
     </span>
     <span class='ocr_line' id='line_1_16' title="bbox 314 2872 2164 2978; baseline 0.005 -26"><span class='ocrx_word' id='word_1_209' title='bbox 314 2905 439 2952; x_wconf 89' lang='lat' dir='ltr'>earum</span> <span class='ocrx_word' id='word_1_210' title='bbox 462 2887 711 2972; x_wconf 88' lang='lat' dir='ltr'>pertinentiis,</span> <span class='ocrx_word' id='word_1_211' title='bbox 737 2890 876 2953; x_wconf 90' lang='lat' dir='ltr'>etcum</span> <span class='ocrx_word' id='word_1_212' title='bbox 901 2886 976 2953; x_wconf 82' lang='lat' dir='ltr'>vice</span> <span class='ocrx_word' id='word_1_213' title='bbox 1008 2887 1051 2954; x_wconf 94' lang='lat' dir='ltr'>de</span> <span class='ocrx_word' id='word_1_214' title='bbox 1075 2885 1143 2952; x_wconf 92' lang='lat' dir='ltr'>viis</span> <span class='ocrx_word' id='word_1_215' title='bbox 1166 2905 1303 2963; x_wconf 90' lang='lat' dir='ltr'>earum,</span> <span class='ocrx_word' id='word_1_216' title='bbox 1331 2889 1381 2954; x_wconf 89' lang='lat' dir='ltr'>Ea</span> <span class='ocrx_word' id='word_1_217' title='bbox 1406 2888 1568 2966; x_wconf 85' lang='lat' dir='ltr'>rationu,</span> <span class='ocrx_word' id='word_1_218' title='bbox 1595 2890 1635 2954; x_wconf 90' lang='lat' dir='ltr'>ut</span> <span class='ocrx_word' id='word_1_219' title='bbox 1657 2908 1797 2974; x_wconf 88' lang='lat' dir='ltr'>semper</span> <span class='ocrx_word' id='word_1_220' title='bbox 1821 2889 1895 2958; x_wconf 84' lang='lat' dir='ltr'>siut</span> <span class='ocrx_word' id='word_1_221' title='bbox 1929 2872 1967 2958; x_wconf 84' lang='lat' dir='ltr'>in</span> <span class='ocrx_word' id='word_1_222' title='bbox 1990 2897 2164 2978; x_wconf 87' lang='lat' dir='ltr'>potestate</span> 
     </span>
     <span class='ocr_line' id='line_1_17' title="bbox 309 3038 2165 3127; baseline 0.005 -22"><span class='ocrx_word' id='word_1_223' title='bbox 309 3041 471 3127; x_wconf 89' lang='lat' dir='ltr'>ipsorum</span> <span class='ocrx_word' id='word_1_224' title='bbox 495 3039 649 3126; x_wconf 88' lang='lat' dir='ltr'>iaquinti</span> <span class='ocrx_word' id='word_1_225' title='bbox 672 3043 709 3106; x_wconf 91' lang='lat' dir='ltr'>et</span> <span class='ocrx_word' id='word_1_226' title='bbox 731 3039 918 3115; x_wconf 87' lang='lat' dir='ltr'>ademarii,</span> <span class='ocrx_word' id='word_1_227' title='bbox 943 3042 980 3105; x_wconf 91' lang='lat' dir='ltr'>et</span> <span class='ocrx_word' id='word_1_228' title='bbox 1003 3040 1046 3106; x_wconf 91' lang='lat' dir='ltr'>de</span> <span class='ocrx_word' id='word_1_229' title='bbox 1069 3038 1212 3106; x_wconf 92' lang='lat' dir='ltr'>illorum</span> <span class='ocrx_word' id='word_1_230' title='bbox 1229 3041 1437 3118; x_wconf 89' lang='lat' dir='ltr'>heredibus;</span> <span class='ocrx_word' id='word_1_231' title='bbox 1464 3043 1500 3107; x_wconf 89' lang='lat' dir='ltr'>et</span> <span class='ocrx_word' id='word_1_232' title='bbox 1523 3039 1638 3108; x_wconf 89' lang='lat' dir='ltr'>licead</span> <span class='ocrx_word' id='word_1_233' title='bbox 1662 3042 1735 3108; x_wconf 93' lang='lat' dir='ltr'>illis</span> <span class='ocrx_word' id='word_1_234' title='bbox 1757 3045 1794 3108; x_wconf 89' lang='lat' dir='ltr'>et</span> <span class='ocrx_word' id='word_1_235' title='bbox 1817 3043 1960 3112; x_wconf 90' lang='lat' dir='ltr'>illorum</span> <span class='ocrx_word' id='word_1_236' title='bbox 1976 3046 2165 3114; x_wconf 88' lang='lat' dir='ltr'>heredibus</span> 
     </span>
     <span class='ocr_line' id='line_1_18' title="bbox 311 3195 2165 3292; baseline 0.003 -30"><span class='ocrx_word' id='word_1_237' title='bbox 311 3197 363 3263; x_wconf 87' lang='lat' dir='ltr'>eis</span> <span class='ocrx_word' id='word_1_238' title='bbox 388 3197 507 3263; x_wconf 85' lang='lat' dir='ltr'>facere</span> <span class='ocrx_word' id='word_1_239' title='bbox 532 3196 700 3284; x_wconf 90' lang='lat' dir='ltr'>quicquid</span> <span class='ocrx_word' id='word_1_240' title='bbox 725 3195 914 3262; x_wconf 90' lang='lat' dir='ltr'>boluerint.</span> <span class='ocrx_word' id='word_1_241' title='bbox 930 3195 975 3259; x_wconf 78' lang='lat' dir='ltr'>nt</span> <span class='ocrx_word' id='word_1_242' title='bbox 996 3197 1142 3281; x_wconf 90' lang='lat' dir='ltr'>propter</span> <span class='ocrx_word' id='word_1_243' title='bbox 1165 3195 1443 3262; x_wconf 85' lang='lat' dir='ltr'>confirmationis</span> <span class='ocrx_word' id='word_1_244' title='bbox 1468 3196 1547 3264; x_wconf 90' lang='lat' dir='ltr'>uius</span> <span class='ocrx_word' id='word_1_245' title='bbox 1563 3198 1849 3266; x_wconf 83' lang='lat' dir='ltr'>commutationis</span> <span class='ocrx_word' id='word_1_246' title='bbox 1865 3199 2005 3292; x_wconf 89' lang='lat' dir='ltr'>ipsivir</span> <span class='ocrx_word' id='word_1_247' title='bbox 2020 3205 2057 3267; x_wconf 89' lang='lat' dir='ltr'>et</span> <span class='ocrx_word' id='word_1_248' title='bbox 2073 3221 2165 3268; x_wconf 81' lang='lat' dir='ltr'>uxor</span> 
     </span>
     <span class='ocr_line' id='line_1_19' title="bbox 308 3348 2159 3444; baseline 0.003 -26"><span class='ocrx_word' id='word_1_249' title='bbox 308 3353 540 3437; x_wconf 91' lang='lat' dir='ltr'>susceperunt</span> <span class='ocrx_word' id='word_1_250' title='bbox 563 3353 608 3417; x_wconf 89' lang='lat' dir='ltr'>ab</span> <span class='ocrx_word' id='word_1_251' title='bbox 631 3350 705 3436; x_wconf 88' lang='lat' dir='ltr'>ipso</span> <span class='ocrx_word' id='word_1_252' title='bbox 730 3349 891 3436; x_wconf 87' lang='lat' dir='ltr'>iaquinto</span> <span class='ocrx_word' id='word_1_253' title='bbox 915 3351 951 3414; x_wconf 88' lang='lat' dir='ltr'>et</span> <span class='ocrx_word' id='word_1_254' title='bbox 974 3348 1154 3416; x_wconf 87' lang='lat' dir='ltr'>ademario</span> <span class='ocrx_word' id='word_1_255' title='bbox 1178 3352 1314 3444; x_wconf 87' lang='lat' dir='ltr'>terram</span> <span class='ocrx_word' id='word_1_256' title='bbox 1337 3350 1480 3418; x_wconf 91' lang='lat' dir='ltr'>illorum</span> <span class='ocrx_word' id='word_1_257' title='bbox 1504 3371 1584 3418; x_wconf 92' lang='lat' dir='ltr'>cum</span> <span class='ocrx_word' id='word_1_258' title='bbox 1608 3352 1763 3429; x_wconf 88' lang='lat' dir='ltr'>insiteto,</span> <span class='ocrx_word' id='word_1_259' title='bbox 1780 3355 1841 3440; x_wconf 93' lang='lat' dir='ltr'>qui</span> <span class='ocrx_word' id='word_1_260' title='bbox 1864 3356 1920 3420; x_wconf 86' lang='lat' dir='ltr'>est</span> <span class='ocrx_word' id='word_1_261' title='bbox 1942 3373 2006 3440; x_wconf 92' lang='lat' dir='ltr'>per</span> <span class='ocrx_word' id='word_1_262' title='bbox 2020 3356 2107 3422; x_wconf 84' lang='lat' dir='ltr'>fines</span> <span class='ocrx_word' id='word_1_263' title='bbox 2122 3361 2159 3424; x_wconf 85' lang='lat' dir='ltr'>et</span> 
     </span>
     <span class='ocr_line' id='line_1_20' title="bbox 309 3485 2155 3594; baseline 0.001 -20"><span class='ocrx_word' id='word_1_264' title='bbox 309 3485 494 3574; x_wconf 80' lang='lat' dir='ltr'>mensuras</span> <span class='ocrx_word' id='word_1_265' title='bbox 517 3505 609 3572; x_wconf 91' lang='lat' dir='ltr'>iusto</span> <span class='ocrx_word' id='word_1_266' title='bbox 633 3523 738 3591; x_wconf 88' lang='lat' dir='ltr'>passu</span> <span class='ocrx_word' id='word_1_267' title='bbox 754 3502 864 3570; x_wconf 89' lang='lat' dir='ltr'>omini</span> <span class='ocrx_word' id='word_1_268' title='bbox 880 3505 1132 3569; x_wconf 88' lang='lat' dir='ltr'>mensuratum.</span> <span class='ocrx_word' id='word_1_269' title='bbox 1151 3504 1180 3568; x_wconf 86' lang='lat' dir='ltr'>A</span> <span class='ocrx_word' id='word_1_270' title='bbox 1196 3506 1299 3590; x_wconf 88' lang='lat' dir='ltr'>parte</span> <span class='ocrx_word' id='word_1_271' title='bbox 1314 3504 1463 3572; x_wconf 91' lang='lat' dir='ltr'>orientis</span> <span class='ocrx_word' id='word_1_272' title='bbox 1479 3505 1560 3572; x_wconf 88' lang='lat' dir='ltr'>flnis</span> <span class='ocrx_word' id='word_1_273' title='bbox 1575 3506 1732 3592; x_wconf 91' lang='lat' dir='ltr'>ipsorum</span> <span class='ocrx_word' id='word_1_274' title='bbox 1749 3503 1901 3594; x_wconf 87' lang='lat' dir='ltr'>iaquinti</span> <span class='ocrx_word' id='word_1_275' title='bbox 1917 3513 1954 3575; x_wconf 88' lang='lat' dir='ltr'>et</span> <span class='ocrx_word' id='word_1_276' title='bbox 1969 3508 2155 3585; x_wconf 88' lang='lat' dir='ltr'>ademarii,</span> 
     </span>
     <span class='ocr_line' id='line_1_21' title="bbox 309 3655 2159 3748; baseline 0.001 -20"><span class='ocrx_word' id='word_1_277' title='bbox 309 3665 350 3728; x_wconf 92' lang='lat' dir='ltr'>et</span> <span class='ocrx_word' id='word_1_278' title='bbox 372 3679 436 3747; x_wconf 86' lang='lat' dir='ltr'>per</span> <span class='ocrx_word' id='word_1_279' title='bbox 459 3659 573 3746; x_wconf 88' lang='lat' dir='ltr'>ipsam</span> <span class='ocrx_word' id='word_1_280' title='bbox 596 3660 701 3725; x_wconf 89' lang='lat' dir='ltr'>finem</span> <span class='ocrx_word' id='word_1_281' title='bbox 725 3657 819 3744; x_wconf 90' lang='lat' dir='ltr'>passi</span> <span class='ocrx_word' id='word_1_282' title='bbox 843 3655 1056 3741; x_wconf 82' lang='lat' dir='ltr'>sexaginta3</span> <span class='ocrx_word' id='word_1_283' title='bbox 1083 3675 1105 3723; x_wconf 90' lang='lat' dir='ltr'>a</span> <span class='ocrx_word' id='word_1_284' title='bbox 1128 3659 1231 3741; x_wconf 91' lang='lat' dir='ltr'>parte</span> <span class='ocrx_word' id='word_1_285' title='bbox 1254 3655 1416 3722; x_wconf 90' lang='lat' dir='ltr'>meridiei</span> <span class='ocrx_word' id='word_1_286' title='bbox 1432 3656 1512 3724; x_wconf 86' lang='lat' dir='ltr'>finis</span> <span class='ocrx_word' id='word_1_287' title='bbox 1535 3659 1692 3745; x_wconf 90' lang='lat' dir='ltr'>ipsorum</span> <span class='ocrx_word' id='word_1_288' title='bbox 1710 3659 1773 3726; x_wconf 90' lang='lat' dir='ltr'>risi</span> <span class='ocrx_word' id='word_1_289' title='bbox 1789 3663 1825 3726; x_wconf 90' lang='lat' dir='ltr'>et</span> <span class='ocrx_word' id='word_1_290' title='bbox 1840 3681 1998 3748; x_wconf 90' lang='lat' dir='ltr'>purpure</span> <span class='ocrx_word' id='word_1_291' title='bbox 2014 3665 2050 3728; x_wconf 90' lang='lat' dir='ltr'>et</span> <span class='ocrx_word' id='word_1_292' title='bbox 2065 3664 2159 3748; x_wconf 86' lang='lat' dir='ltr'>passi</span> 
     </span>
     <span class='ocr_line' id='line_1_22' title="bbox 315 3803 2165 3901; baseline 0.001 -20"><span class='ocrx_word' id='word_1_293' title='bbox 315 3803 525 3900; x_wconf 76' lang='lat' dir='ltr'>senagi&#39;nta&#39;3</span> <span class='ocrx_word' id='word_1_294' title='bbox 551 3833 573 3878; x_wconf 89' lang='lat' dir='ltr'>a</span> <span class='ocrx_word' id='word_1_295' title='bbox 596 3815 699 3898; x_wconf 89' lang='lat' dir='ltr'>parte</span> <span class='ocrx_word' id='word_1_296' title='bbox 722 3811 915 3878; x_wconf 89' lang='lat' dir='ltr'>occidentis</span> <span class='ocrx_word' id='word_1_297' title='bbox 931 3809 1097 3878; x_wconf 85' lang='lat' dir='ltr'>similiter</span> <span class='ocrx_word' id='word_1_298' title='bbox 1112 3811 1191 3876; x_wconf 89' lang='lat' dir='ltr'>finis</span> <span class='ocrx_word' id='word_1_299' title='bbox 1207 3811 1364 3898; x_wconf 90' lang='lat' dir='ltr'>ipsorum</span> <span class='ocrx_word' id='word_1_300' title='bbox 1381 3811 1534 3897; x_wconf 89' lang='lat' dir='ltr'>iaquinti</span> <span class='ocrx_word' id='word_1_301' title='bbox 1552 3815 1588 3878; x_wconf 91' lang='lat' dir='ltr'>et</span> <span class='ocrx_word' id='word_1_302' title='bbox 1604 3811 1792 3898; x_wconf 84' lang='lat' dir='ltr'>ademarii,</span> <span class='ocrx_word' id='word_1_303' title='bbox 1811 3816 1848 3879; x_wconf 91' lang='lat' dir='ltr'>et</span> <span class='ocrx_word' id='word_1_304' title='bbox 1863 3814 1958 3900; x_wconf 89' lang='lat' dir='ltr'>passi</span> <span class='ocrx_word' id='word_1_305' title='bbox 1973 3815 2165 3901; x_wconf 82' lang='lat' dir='ltr'>sexaginta</span> 
     </span>
     <span class='ocr_line' id='line_1_23' title="bbox 311 3964 2164 4064; baseline 0.001 -27"><span class='ocrx_word' id='word_1_306' title='bbox 311 3991 393 4037; x_wconf 87' lang='lat' dir='ltr'>curn</span> <span class='ocrx_word' id='word_1_307' title='bbox 417 3969 648 4052; x_wconf 91' lang='lat' dir='ltr'>omnibusque</span> <span class='ocrx_word' id='word_1_308' title='bbox 672 3965 767 4032; x_wconf 88' lang='lat' dir='ltr'>intro</span> <span class='ocrx_word' id='word_1_309' title='bbox 791 3983 851 4031; x_wconf 88' lang='lat' dir='ltr'>eas</span> <span class='ocrx_word' id='word_1_310' title='bbox 874 3968 958 4031; x_wconf 89' lang='lat' dir='ltr'>sunt</span> <span class='ocrx_word' id='word_1_311' title='bbox 980 3966 1187 4064; x_wconf 82' lang='lat' dir='ltr'>cunctisque</span> <span class='ocrx_word' id='word_1_312' title='bbox 1210 3966 1261 4030; x_wconf 90' lang='lat' dir='ltr'>eis</span> <span class='ocrx_word' id='word_1_313' title='bbox 1284 3964 1512 4050; x_wconf 87' lang='lat' dir='ltr'>pertinentiis</span> <span class='ocrx_word' id='word_1_314' title='bbox 1536 3969 1573 4031; x_wconf 90' lang='lat' dir='ltr'>et</span> <span class='ocrx_word' id='word_1_315' title='bbox 1596 3986 1676 4033; x_wconf 87' lang='lat' dir='ltr'>curn</span> <span class='ocrx_word' id='word_1_316' title='bbox 1700 3967 1777 4033; x_wconf 91' lang='lat' dir='ltr'>vice</span> <span class='ocrx_word' id='word_1_317' title='bbox 1800 3968 1843 4034; x_wconf 92' lang='lat' dir='ltr'>do</span> <span class='ocrx_word' id='word_1_318' title='bbox 1867 3968 1926 4034; x_wconf 82' lang='lat' dir='ltr'>via</span> <span class='ocrx_word' id='word_1_319' title='bbox 1948 3987 2025 4046; x_wconf 90' lang='lat' dir='ltr'>sua,</span> <span class='ocrx_word' id='word_1_320' title='bbox 2045 3970 2090 4036; x_wconf 90' lang='lat' dir='ltr'>ad</span> <span class='ocrx_word' id='word_1_321' title='bbox 2113 3973 2164 4038; x_wconf 85' lang='lat' dir='ltr'>sa-</span> 
     </span>
     <span class='ocr_line' id='line_1_24' title="bbox 307 4101 2162 4212; baseline 0.001 -21"><span class='ocrx_word' id='word_1_322' title='bbox 307 4124 473 4191; x_wconf 90' lang='lat' dir='ltr'>ciendum</span> <span class='ocrx_word' id='word_1_323' title='bbox 497 4122 539 4188; x_wconf 93' lang='lat' dir='ltr'>de</span> <span class='ocrx_word' id='word_1_324' title='bbox 564 4141 607 4188; x_wconf 90' lang='lat' dir='ltr'>ea</span> <span class='ocrx_word' id='word_1_325' title='bbox 630 4121 697 4207; x_wconf 87' lang='lat' dir='ltr'>ipsi</span> <span class='ocrx_word' id='word_1_326' title='bbox 722 4122 814 4188; x_wconf 89' lang='lat' dir='ltr'>risus</span> <span class='ocrx_word' id='word_1_327' title='bbox 837 4123 873 4186; x_wconf 93' lang='lat' dir='ltr'>et</span> <span class='ocrx_word' id='word_1_328' title='bbox 896 4141 1056 4208; x_wconf 88' lang='lat' dir='ltr'>purpura</span> <span class='ocrx_word' id='word_1_329' title='bbox 1079 4124 1115 4188; x_wconf 85' lang='lat' dir='ltr'>et</span> <span class='ocrx_word' id='word_1_330' title='bbox 1138 4101 1281 4188; x_wconf 81' lang='lat' dir='ltr'>illorum</span> <span class='ocrx_word' id='word_1_331' title='bbox 1305 4109 1466 4200; x_wconf 80' lang='lat' dir='ltr'>herech,</span> <span class='ocrx_word' id='word_1_332' title='bbox 1485 4121 1578 4207; x_wconf 89' lang='lat' dir='ltr'>quod</span> <span class='ocrx_word' id='word_1_333' title='bbox 1602 4123 1793 4189; x_wconf 91' lang='lat' dir='ltr'>boluerint.</span> <span class='ocrx_word' id='word_1_334' title='bbox 1813 4126 1858 4190; x_wconf 87' lang='lat' dir='ltr'>Et</span> <span class='ocrx_word' id='word_1_335' title='bbox 1872 4125 1951 4212; x_wconf 89' lang='lat' dir='ltr'>ipsa</span> <span class='ocrx_word' id='word_1_336' title='bbox 1966 4109 2162 4192; x_wconf 35' lang='lat' dir='ltr'>terra&#39;cum</span> 
     </span>
     <span class='ocr_line' id='line_1_25' title="bbox 304 4277 2161 4383; baseline 0.002 -37"><span class='ocrx_word' id='word_1_337' title='bbox 304 4280 496 4367; x_wconf 91' lang='lat' dir='ltr'>insitetum</span> <span class='ocrx_word' id='word_1_338' title='bbox 520 4277 652 4344; x_wconf 87' lang='lat' dir='ltr'>dicitur</span> <span class='ocrx_word' id='word_1_339' title='bbox 676 4278 720 4344; x_wconf 90' lang='lat' dir='ltr'>ad</span> <span class='ocrx_word' id='word_1_340' title='bbox 745 4278 900 4354; x_wconf 81' lang='lat' dir='ltr'>matulo,</span> <span class='ocrx_word' id='word_1_341' title='bbox 926 4279 963 4343; x_wconf 88' lang='lat' dir='ltr'>et</span> <span class='ocrx_word' id='word_1_342' title='bbox 985 4296 1049 4363; x_wconf 89' lang='lat' dir='ltr'>per</span> <span class='ocrx_word' id='word_1_343' title='bbox 1071 4277 1368 4348; x_wconf 89' lang='lat' dir='ltr'>combenientiam</span> <span class='ocrx_word' id='word_1_344' title='bbox 1395 4278 1464 4365; x_wconf 88' lang='lat' dir='ltr'>ipsi</span> <span class='ocrx_word' id='word_1_345' title='bbox 1488 4279 1603 4346; x_wconf 88' lang='lat' dir='ltr'>viret</span> <span class='ocrx_word' id='word_1_346' title='bbox 1627 4301 1741 4383; x_wconf 80' lang='lat' dir='ltr'>uxor,</span> <span class='ocrx_word' id='word_1_347' title='bbox 1767 4279 1961 4348; x_wconf 90' lang='lat' dir='ltr'>secundum</span> <span class='ocrx_word' id='word_1_348' title='bbox 1984 4281 2101 4366; x_wconf 87' lang='lat' dir='ltr'>legem</span> <span class='ocrx_word' id='word_1_349' title='bbox 2125 4286 2161 4349; x_wconf 88' lang='lat' dir='ltr'>et</span> 
     </span>
     <span class='ocr_line' id='line_1_26' title="bbox 306 4432 2161 4520; baseline 0.001 -18"><span class='ocrx_word' id='word_1_350' title='bbox 306 4453 535 4502; x_wconf 86' lang='lat' dir='ltr'>romanorum</span> <span class='ocrx_word' id='word_1_351' title='bbox 560 4433 862 4510; x_wconf 89' lang='lat' dir='ltr'>consuetudinem,</span> <span class='ocrx_word' id='word_1_352' title='bbox 888 4434 1056 4517; x_wconf 89' lang='lat' dir='ltr'>guadiam</span> <span class='ocrx_word' id='word_1_353' title='bbox 1082 4432 1168 4520; x_wconf 91' lang='lat' dir='ltr'>ipsis</span> <span class='ocrx_word' id='word_1_354' title='bbox 1191 4433 1353 4520; x_wconf 87' lang='lat' dir='ltr'>iaquinto</span> <span class='ocrx_word' id='word_1_355' title='bbox 1377 4436 1413 4500; x_wconf 83' lang='lat' dir='ltr'>et</span> <span class='ocrx_word' id='word_1_356' title='bbox 1437 4434 1618 4502; x_wconf 89' lang='lat' dir='ltr'>ademario</span> <span class='ocrx_word' id='word_1_357' title='bbox 1641 4434 1840 4510; x_wconf 90' lang='lat' dir='ltr'>dederunt,</span> <span class='ocrx_word' id='word_1_358' title='bbox 1865 4439 1902 4502; x_wconf 92' lang='lat' dir='ltr'>et</span> <span class='ocrx_word' id='word_1_359' title='bbox 1923 4437 2161 4504; x_wconf 82' lang='lat' dir='ltr'>fideiussorem</span> 
     </span>
     <span class='ocr_line' id='line_1_27' title="bbox 302 4587 2162 4676; baseline 0.001 -18"><span class='ocrx_word' id='word_1_360' title='bbox 302 4590 359 4658; x_wconf 88' lang='lat' dir='ltr'>eis</span> <span class='ocrx_word' id='word_1_361' title='bbox 383 4591 577 4675; x_wconf 92' lang='lat' dir='ltr'>posuerunt</span> <span class='ocrx_word' id='word_1_362' title='bbox 600 4587 776 4655; x_wconf 89' lang='lat' dir='ltr'>maionem</span> <span class='ocrx_word' id='word_1_363' title='bbox 799 4587 911 4654; x_wconf 87' lang='lat' dir='ltr'>filium</span> <span class='ocrx_word' id='word_1_364' title='bbox 935 4587 1112 4674; x_wconf 90' lang='lat' dir='ltr'>quondam</span> <span class='ocrx_word' id='word_1_365' title='bbox 1135 4589 1261 4653; x_wconf 89' lang='lat' dir='ltr'>summi</span> <span class='ocrx_word' id='word_1_366' title='bbox 1279 4588 1425 4665; x_wconf 90' lang='lat' dir='ltr'>clerici;</span> <span class='ocrx_word' id='word_1_367' title='bbox 1451 4590 1488 4654; x_wconf 93' lang='lat' dir='ltr'>et</span> <span class='ocrx_word' id='word_1_368' title='bbox 1511 4608 1575 4676; x_wconf 93' lang='lat' dir='ltr'>per</span> <span class='ocrx_word' id='word_1_369' title='bbox 1599 4589 1708 4674; x_wconf 89' lang='lat' dir='ltr'>ipsam</span> <span class='ocrx_word' id='word_1_370' title='bbox 1723 4589 1894 4674; x_wconf 85' lang='lat' dir='ltr'>guadiam</span> <span class='ocrx_word' id='word_1_371' title='bbox 1909 4590 2162 4675; x_wconf 87' lang='lat' dir='ltr'>obligaberunt</span> 
     </span>
     <span class='ocr_line' id='line_1_28' title="bbox 305 4741 2161 4830; baseline 0.001 -20"><span class='ocrx_word' id='word_1_372' title='bbox 305 4763 343 4810; x_wconf 86' lang='lat' dir='ltr'>se</span> <span class='ocrx_word' id='word_1_373' title='bbox 359 4747 395 4809; x_wconf 85' lang='lat' dir='ltr'>et</span> <span class='ocrx_word' id='word_1_374' title='bbox 410 4762 490 4810; x_wconf 89' lang='lat' dir='ltr'>suos</span> <span class='ocrx_word' id='word_1_375' title='bbox 506 4743 655 4810; x_wconf 90' lang='lat' dir='ltr'>heredes</span> <span class='ocrx_word' id='word_1_376' title='bbox 671 4761 812 4828; x_wconf 90' lang='lat' dir='ltr'>semper</span> <span class='ocrx_word' id='word_1_377' title='bbox 828 4741 1016 4808; x_wconf 82' lang='lat' dir='ltr'>defendere</span> <span class='ocrx_word' id='word_1_378' title='bbox 1032 4743 1116 4827; x_wconf 90' lang='lat' dir='ltr'>ipsis</span> <span class='ocrx_word' id='word_1_379' title='bbox 1132 4743 1295 4829; x_wconf 88' lang='lat' dir='ltr'>iaquinto</span> <span class='ocrx_word' id='word_1_380' title='bbox 1310 4746 1347 4809; x_wconf 84' lang='lat' dir='ltr'>et</span> <span class='ocrx_word' id='word_1_381' title='bbox 1362 4741 1540 4810; x_wconf 87' lang='lat' dir='ltr'>ademario</span> <span class='ocrx_word' id='word_1_382' title='bbox 1564 4747 1600 4810; x_wconf 92' lang='lat' dir='ltr'>et</span> <span class='ocrx_word' id='word_1_383' title='bbox 1615 4743 1757 4810; x_wconf 90' lang='lat' dir='ltr'>illorum</span> <span class='ocrx_word' id='word_1_384' title='bbox 1773 4743 1966 4811; x_wconf 88' lang='lat' dir='ltr'>heredibus</span> <span class='ocrx_word' id='word_1_385' title='bbox 1981 4744 2161 4830; x_wconf 86' lang='lat' dir='ltr'>integram</span> 
     </span>
    </p>
   </div>
   <div class='ocr_carea' id='block_1_5' title="bbox 303 4896 2163 4985">
    <p class='ocr_par' dir='ltr' id='par_1_5' title="bbox 303 4896 2163 4985">
     <span class='ocr_line' id='line_1_29' title="bbox 303 4896 2163 4985; baseline 0.001 -20"><span class='ocrx_word' id='word_1_386' title='bbox 303 4899 588 4985; x_wconf 88' lang='lat' dir='ltr'>suprascriptam</span> <span class='ocrx_word' id='word_1_387' title='bbox 613 4897 755 4964; x_wconf 92' lang='lat' dir='ltr'>illorum</span> <span class='ocrx_word' id='word_1_388' title='bbox 780 4896 1007 4963; x_wconf 90' lang='lat' dir='ltr'>traditionem</span> <span class='ocrx_word' id='word_1_389' title='bbox 1042 4899 1089 4964; x_wconf 90' lang='lat' dir='ltr'>ab</span> <span class='ocrx_word' id='word_1_390' title='bbox 1111 4898 1274 4965; x_wconf 91' lang='lat' dir='ltr'>omnibus</span> <span class='ocrx_word' id='word_1_391' title='bbox 1297 4898 1486 4965; x_wconf 82' lang='lat' dir='ltr'>ominibus</span> <span class='ocrx_word' id='word_1_392' title='bbox 1513 4900 1557 4965; x_wconf 87' lang='lat' dir='ltr'>Et</span> <span class='ocrx_word' id='word_1_393' title='bbox 1580 4899 1785 4965; x_wconf 90' lang='lat' dir='ltr'>tribuerunt</span> <span class='ocrx_word' id='word_1_394' title='bbox 1816 4899 1866 4965; x_wconf 90' lang='lat' dir='ltr'>eis</span> <span class='ocrx_word' id='word_1_395' title='bbox 1889 4898 2096 4976; x_wconf 89' lang='lat' dir='ltr'>licentiam,</span> <span class='ocrx_word' id='word_1_396' title='bbox 2123 4903 2163 4966; x_wconf 90' lang='lat' dir='ltr'>ut</span> 
     </span>
    </p>
   </div>
   <div class='ocr_carea' id='block_1_6' title="bbox 307 5050 2264 5150">
    <p class='ocr_par' dir='ltr' id='par_1_6' title="bbox 307 5050 2264 5150">
     <span class='ocr_line' id='line_1_30' title="bbox 307 5050 2264 5150; baseline -0.001 -32"><span class='ocrx_word' id='word_1_397' title='bbox 307 5053 447 5138; x_wconf 88' lang='lat' dir='ltr'>quando</span> <span class='ocrx_word' id='word_1_398' title='bbox 472 5053 527 5119; x_wconf 93' lang='lat' dir='ltr'>illi</span> <span class='ocrx_word' id='word_1_399' title='bbox 551 5055 587 5118; x_wconf 87' lang='lat' dir='ltr'>et</span> <span class='ocrx_word' id='word_1_400' title='bbox 609 5052 753 5119; x_wconf 90' lang='lat' dir='ltr'>illorum</span> <span class='ocrx_word' id='word_1_401' title='bbox 777 5052 924 5118; x_wconf 88' lang='lat' dir='ltr'>heredes</span> <span class='ocrx_word' id='word_1_402' title='bbox 947 5050 1137 5128; x_wconf 88' lang='lat' dir='ltr'>boluerint,</span> <span class='ocrx_word' id='word_1_403' title='bbox 1156 5053 1365 5137; x_wconf 87' lang='lat' dir='ltr'>potestatem</span> <span class='ocrx_word' id='word_1_404' title='bbox 1390 5056 1521 5119; x_wconf 88' lang='lat' dir='ltr'>abeant</span> <span class='ocrx_word' id='word_1_405' title='bbox 1536 5052 1635 5120; x_wconf 91' lang='lat' dir='ltr'>illam</span> <span class='ocrx_word' id='word_1_406' title='bbox 1653 5071 1717 5138; x_wconf 89' lang='lat' dir='ltr'>per</span> <span class='ocrx_word' id='word_1_407' title='bbox 1732 5071 1769 5119; x_wconf 90' lang='lat' dir='ltr'>se</span> <span class='ocrx_word' id='word_1_408' title='bbox 1785 5053 1986 5130; x_wconf 83' lang='lat' dir='ltr'>defendere,</span> <span class='ocrx_word' id='word_1_409' title='bbox 2005 5053 2162 5150; x_wconf 80' lang='lat' dir='ltr'>qualiter</span> <span class='ocrx_word' id='word_1_410' title='bbox 2261 5111 2264 5116; x_wconf 87' lang='lat'>.</span> 
     </span>
    </p>
   </div>
   <div class='ocr_carea' id='block_1_7' title="bbox 305 5203 2162 5759">
    <p class='ocr_par' dir='ltr' id='par_1_7' title="bbox 305 5203 2162 5759">
     <span class='ocr_line' id='line_1_31' title="bbox 306 5203 2156 5292; baseline 0.002 -20"><span class='ocrx_word' id='word_1_411' title='bbox 306 5206 496 5284; x_wconf 86' lang='lat' dir='ltr'>boluerint,</span> <span class='ocrx_word' id='word_1_412' title='bbox 522 5227 602 5274; x_wconf 88' lang='lat' dir='ltr'>curn</span> <span class='ocrx_word' id='word_1_413' title='bbox 625 5208 789 5273; x_wconf 90' lang='lat' dir='ltr'>omnibus</span> <span class='ocrx_word' id='word_1_414' title='bbox 813 5203 1069 5271; x_wconf 85' lang='lat' dir='ltr'>muniminibus</span> <span class='ocrx_word' id='word_1_415' title='bbox 1093 5205 1129 5270; x_wconf 90' lang='lat' dir='ltr'>et</span> <span class='ocrx_word' id='word_1_416' title='bbox 1152 5205 1361 5282; x_wconf 88' lang='lat' dir='ltr'>rationibus,</span> <span class='ocrx_word' id='word_1_417' title='bbox 1387 5225 1475 5292; x_wconf 88' lang='lat' dir='ltr'>quas</span> <span class='ocrx_word' id='word_1_418' title='bbox 1506 5207 1549 5272; x_wconf 91' lang='lat' dir='ltr'>de</span> <span class='ocrx_word' id='word_1_419' title='bbox 1573 5225 1616 5274; x_wconf 90' lang='lat' dir='ltr'>ea</span> <span class='ocrx_word' id='word_1_420' title='bbox 1638 5207 1846 5274; x_wconf 89' lang='lat' dir='ltr'>ostederint.</span> <span class='ocrx_word' id='word_1_421' title='bbox 1873 5209 1918 5272; x_wconf 79' lang='lat' dir='ltr'>nt</span> <span class='ocrx_word' id='word_1_422' title='bbox 1941 5209 2156 5275; x_wconf 86' lang='lat' dir='ltr'>clarificabit</span> 
     </span>
     <span class='ocr_line' id='line_1_32' title="bbox 305 5361 2156 5451; baseline 0.001 -23"><span class='ocrx_word' id='word_1_423' title='bbox 305 5364 381 5451; x_wconf 88' lang='lat' dir='ltr'>ipse</span> <span class='ocrx_word' id='word_1_424' title='bbox 405 5364 495 5430; x_wconf 91' lang='lat' dir='ltr'>risus</span> <span class='ocrx_word' id='word_1_425' title='bbox 519 5382 555 5430; x_wconf 90' lang='lat' dir='ltr'>se</span> <span class='ocrx_word' id='word_1_426' title='bbox 578 5362 773 5446; x_wconf 84' lang='lat' dir='ltr'>obligatam</span> <span class='ocrx_word' id='word_1_427' title='bbox 798 5363 900 5427; x_wconf 87' lang='lat' dir='ltr'>abere</span> <span class='ocrx_word' id='word_1_428' title='bbox 925 5363 1090 5446; x_wconf 86' lang='lat' dir='ltr'>quartam</span> <span class='ocrx_word' id='word_1_429' title='bbox 1114 5363 1252 5446; x_wconf 90' lang='lat' dir='ltr'>partem</span> <span class='ocrx_word' id='word_1_430' title='bbox 1276 5361 1319 5426; x_wconf 90' lang='lat' dir='ltr'>de</span> <span class='ocrx_word' id='word_1_431' title='bbox 1344 5379 1415 5427; x_wconf 90' lang='lat' dir='ltr'>una</span> <span class='ocrx_word' id='word_1_432' title='bbox 1439 5361 1541 5447; x_wconf 89' lang='lat' dir='ltr'>pecia</span> <span class='ocrx_word' id='word_1_433' title='bbox 1564 5361 1607 5427; x_wconf 95' lang='lat' dir='ltr'>de</span> <span class='ocrx_word' id='word_1_434' title='bbox 1631 5364 1753 5439; x_wconf 88' lang='lat' dir='ltr'>terra,</span> <span class='ocrx_word' id='word_1_435' title='bbox 1779 5379 1849 5449; x_wconf 90' lang='lat' dir='ltr'>que</span> <span class='ocrx_word' id='word_1_436' title='bbox 1873 5361 2022 5428; x_wconf 89' lang='lat' dir='ltr'>ristaldo</span> <span class='ocrx_word' id='word_1_437' title='bbox 2045 5366 2082 5429; x_wconf 92' lang='lat' dir='ltr'>et</span> <span class='ocrx_word' id='word_1_438' title='bbox 2106 5362 2156 5429; x_wconf 90' lang='lat' dir='ltr'>ia-</span> 
     </span>
     <span class='ocr_line' id='line_1_33' title="bbox 310 5513 2162 5608; baseline -0.003 -21"><span class='ocrx_word' id='word_1_439' title='bbox 310 5521 435 5608; x_wconf 91' lang='lat' dir='ltr'>quinto</span> <span class='ocrx_word' id='word_1_440' title='bbox 458 5522 495 5586; x_wconf 93' lang='lat' dir='ltr'>et</span> <span class='ocrx_word' id='word_1_441' title='bbox 509 5520 617 5604; x_wconf 67' lang='lat' dir='ltr'>&#39;petro</span> <span class='ocrx_word' id='word_1_442' title='bbox 641 5517 678 5583; x_wconf 93' lang='lat' dir='ltr'>in</span> <span class='ocrx_word' id='word_1_443' title='bbox 701 5519 831 5582; x_wconf 90' lang='lat' dir='ltr'>sortem</span> <span class='ocrx_word' id='word_1_444' title='bbox 853 5515 972 5582; x_wconf 86' lang='lat' dir='ltr'>ebenit</span> <span class='ocrx_word' id='word_1_445' title='bbox 995 5535 1017 5582; x_wconf 91' lang='lat' dir='ltr'>a</span> <span class='ocrx_word' id='word_1_446' title='bbox 1039 5515 1281 5601; x_wconf 85' lang='lat' dir='ltr'>suprascripto</span> <span class='ocrx_word' id='word_1_447' title='bbox 1306 5515 1481 5582; x_wconf 91' lang='lat' dir='ltr'>madelmo</span> <span class='ocrx_word' id='word_1_448' title='bbox 1496 5515 1659 5601; x_wconf 89' lang='lat' dir='ltr'>genitore</span> <span class='ocrx_word' id='word_1_449' title='bbox 1683 5515 1838 5601; x_wconf 90' lang='lat' dir='ltr'>ipsorum</span> <span class='ocrx_word' id='word_1_450' title='bbox 1857 5513 2012 5602; x_wconf 89' lang='lat' dir='ltr'>iaquinti</span> <span class='ocrx_word' id='word_1_451' title='bbox 2028 5518 2064 5582; x_wconf 94' lang='lat' dir='ltr'>et</span> <span class='ocrx_word' id='word_1_452' title='bbox 2080 5517 2162 5583; x_wconf 90' lang='lat' dir='ltr'>ade-</span> 
     </span>
     <span class='ocr_line' id='line_1_34' title="bbox 306 5647 2162 5759; baseline -0.002 -19"><span class='ocrx_word' id='word_1_453' title='bbox 306 5673 413 5740; x_wconf 91' lang='lat' dir='ltr'>marii</span> <span class='ocrx_word' id='word_1_454' title='bbox 436 5675 472 5739; x_wconf 90' lang='lat' dir='ltr'>et</span> <span class='ocrx_word' id='word_1_455' title='bbox 497 5675 598 5759; x_wconf 89' lang='lat' dir='ltr'>petro</span> <span class='ocrx_word' id='word_1_456' title='bbox 621 5647 930 5755; x_wconf 41' lang='lat' dir='ltr'>abunculo&#39;ipsius</span> <span class='ocrx_word' id='word_1_457' title='bbox 954 5669 1030 5736; x_wconf 90' lang='lat' dir='ltr'>risi.</span> <span class='ocrx_word' id='word_1_458' title='bbox 1058 5671 1102 5734; x_wconf 86' lang='lat' dir='ltr'>Et</span> <span class='ocrx_word' id='word_1_459' title='bbox 1125 5669 1189 5755; x_wconf 88' lang='lat' dir='ltr'>per</span> <span class='ocrx_word' id='word_1_460' title='bbox 1212 5671 1324 5758; x_wconf 88' lang='lat' dir='ltr'>ipsam</span> <span class='ocrx_word' id='word_1_461' title='bbox 1348 5669 1517 5756; x_wconf 87' lang='lat' dir='ltr'>guadiam</span> <span class='ocrx_word' id='word_1_462' title='bbox 1551 5669 1627 5754; x_wconf 89' lang='lat' dir='ltr'>ipse</span> <span class='ocrx_word' id='word_1_463' title='bbox 1645 5667 1744 5736; x_wconf 82' lang='lat' dir='ltr'>¹risus</span> <span class='ocrx_word' id='word_1_464' title='bbox 1766 5669 1941 5754; x_wconf 90' lang='lat' dir='ltr'>obligavit</span> <span class='ocrx_word' id='word_1_465' title='bbox 1962 5688 2000 5736; x_wconf 91' lang='lat' dir='ltr'>se</span> <span class='ocrx_word' id='word_1_466' title='bbox 2024 5673 2060 5736; x_wconf 90' lang='lat' dir='ltr'>et</span> <span class='ocrx_word' id='word_1_467' title='bbox 2081 5689 2162 5738; x_wconf 90' lang='lat' dir='ltr'>suos</span> 
     </span>
    </p>
   </div>
   <div class='ocr_carea' id='block_1_8' title="bbox 306 5822 2161 5914">
    <p class='ocr_par' dir='ltr' id='par_1_8' title="bbox 306 5822 2161 5914">
     <span class='ocr_line' id='line_1_35' title="bbox 306 5822 2161 5914; baseline -0.001 -20"><span class='ocrx_word' id='word_1_468' title='bbox 306 5828 454 5895; x_wconf 88' lang='lat' dir='ltr'>heredes</span> <span class='ocrx_word' id='word_1_469' title='bbox 477 5827 507 5894; x_wconf 90' lang='lat' dir='ltr'>si</span> <span class='ocrx_word' id='word_1_470' title='bbox 524 5827 680 5914; x_wconf 91' lang='lat' dir='ltr'>quolibet</span> <span class='ocrx_word' id='word_1_471' title='bbox 694 5829 851 5912; x_wconf 90' lang='lat' dir='ltr'>tempore</span> <span class='ocrx_word' id='word_1_472' title='bbox 869 5824 1016 5893; x_wconf 81' lang='lat' dir='ltr'>heredes</span> <span class='ocrx_word' id='word_1_473' title='bbox 1031 5825 1184 5912; x_wconf 88' lang='lat' dir='ltr'>ipsorum</span> <span class='ocrx_word' id='word_1_474' title='bbox 1202 5824 1342 5892; x_wconf 88' lang='lat' dir='ltr'>ristaldi</span> <span class='ocrx_word' id='word_1_475' title='bbox 1358 5827 1394 5891; x_wconf 92' lang='lat' dir='ltr'>et</span> <span class='ocrx_word' id='word_1_476' title='bbox 1409 5823 1563 5912; x_wconf 89' lang='lat' dir='ltr'>iaquinti</span> <span class='ocrx_word' id='word_1_477' title='bbox 1579 5824 1616 5888; x_wconf 88' lang='lat' dir='ltr'>et</span> <span class='ocrx_word' id='word_1_478' title='bbox 1630 5823 1723 5909; x_wconf 89' lang='lat' dir='ltr'>petri</span> <span class='ocrx_word' id='word_1_479' title='bbox 1739 5822 1823 5889; x_wconf 87' lang='lat' dir='ltr'>illas</span> <span class='ocrx_word' id='word_1_480' title='bbox 1839 5841 1903 5909; x_wconf 93' lang='lat' dir='ltr'>pro</span> <span class='ocrx_word' id='word_1_481' title='bbox 1920 5841 1979 5891; x_wconf 89' lang='lat' dir='ltr'>eos</span> <span class='ocrx_word' id='word_1_482' title='bbox 1994 5824 2161 5893; x_wconf 88' lang='lat' dir='ltr'>emendas</span> 
     </span>
    </p>
   </div>
   <div class='ocr_carea' id='block_1_9' title="bbox 0 0 2732 7104">
    <p class='ocr_par' dir='ltr' id='par_1_9' title="bbox 0 0 2732 7104">
     <span class='ocr_line' id='line_1_36' title="bbox 0 0 2732 7104; baseline 0 7"><span class='ocrx_word' id='word_1_483' title='bbox 0 0 2732 7104; x_wconf 95' lang='lat' dir='ltr'> </span> 
     </span>
    </p>
   </div>
  </div>
 </body>
</html>
