5398 7106
639 443 707 516 abl
1061 441 1066 450 '
1252 435 1428 510 CODEX
1457 435 1730 510 CAVENSlS

594 635 731 723 scripta
754 635 812 700 vel
836 653 881 700 ex
906 605 1206 721 ipsisquicquam
1231 651 1410 700 removere
1433 635 1498 699 aut
1521 631 1768 699 contradicere
1790 634 2101 718 presumpserint,
2126 651 2190 718 per
2212 633 2324 720 ipsam
2345 655 2427 722 gua-

584 790 686 858 diam
710 787 777 874 ipsi
800 789 964 872 germani
989 785 1241 870 obligaverunt
1263 803 1301 851 se
1323 787 1360 850 et
1383 786 1530 851 illorum
1553 784 1702 851 heredes
1725 802 1936 870 componere
1974 784 2041 871 ipsi
2064 785 2263 869 grimoaldo
2297 784 2421 857 viceco-

590 944 668 1012 miti
691 945 727 1009 et
750 941 847 1008 illius
871 939 1061 1008 heredibus
1085 941 1227 1006 centum
1252 939 1330 1006 auri
1354 940 1483 1005 solidos
1507 901 1824 1007 constantinianos.
1865 940 1913 1016 et,
1946 938 2038 1006 sicut
2066 941 2229 1032 superius
2262 941 2426 1026 scriptum

585 1099 650 1172 est,
677 1097 885 1182 adimplere.
910 1096 947 1160 et
968 1093 1044 1180 ipse
1067 1093 1290 1178 grimoaldus
1311 1093 1406 1160 filius
1429 1093 1665 1181 suprascripti
1699 1067 1916 1178 rottelgrimi
1952 1111 2015 1178 per
2038 1093 2319 1181 suprascriptam
2344 1115 2427 1181 gua-

590 1251 686 1318 diam
709 1253 745 1315 et
768 1246 1054 1314 convenientiam
1078 1245 1253 1331 obligavit
1275 1264 1340 1324 se,
1365 1245 1396 1312 si
1420 1247 1667 1332 suprascripta
1691 1249 1748 1313 vel
1771 1266 1816 1314 ex
1840 1247 1926 1333 ipsis
1949 1247 2141 1337 quicquam
2165 1267 2345 1316 removere
2368 1260 2430 1323 aut

585 1404 835 1472 contradicere
859 1399 1154 1489 presumpserint,
1173 1419 1380 1486 componere
1404 1400 1473 1486 ipsi
1497 1400 1695 1484 grimoaldo
1718 1401 1918 1468 vicecomiti
1941 1407 1978 1468 et
2000 1401 2075 1470 eius
2090 1402 2280 1471 heredibus
2295 1407 2429 1473 centum

586 1558 667 1624 auri
691 1556 820 1624 solidos
843 1554 1163 1623 constantinianos.
1189 1557 1226 1620 et
1249 1553 1340 1639 quod
1363 1553 1527 1640 superius
1550 1555 1723 1642 scriptum
1747 1558 1813 1632 est,
1828 1573 1967 1641 semper
1990 1557 2131 1623 firmum
2155 1561 2375 1643 permaneat.
2400 1565 2434 1627 et

585 1667 711 1780 taliter
734 1711 800 1778 tibi
824 1709 1016 1779 iohannem
1041 1708 1184 1777 notario
1207 1710 1365 1777 scribere
1389 1709 1547 1797 precepi.

633 1865 660 1955 †
685 1869 758 1951 Ego
783 1865 844 1952 qui
869 1883 979 1950 supra
1001 1863 1075 1930 sico
1098 1881 1214 1930 comes
1236 1864 1271 1929 et
1293 1863 1414 1930 iudex.

1415 2283 1643 2365 MCCXI

1390 2531 1451 2606 A.
1481 2529 1539 2607 D.
1569 2529 1694 2606 1055

637 2803 937 2885 Praesumptum
1716 2891 1718 2895 y

631 2952 814 3020 Concessio
838 2955 958 3019 terrae
982 2951 1020 3018 in
1044 2952 1121 3018 loco
1145 2950 1267 3017 Priato
1291 2953 1389 3019 sacta
1412 2949 1554 3018 cuidam
1585 2935 1758 3018 Musando
1781 2951 1853 3018 lilio
1885 2949 2048 3016 Musandi
2075 2953 2120 3017 ab
2154 2950 2291 3018 alferio
2308 2952 2442 3018 Abbate

587 3109 620 3175 S.
646 3102 794 3173 Maximi
818 3124 884 3192 pro
907 3105 1099 3173 medietate
1122 3105 1319 3172 fructuum.

550 3265 556 3274 '
630 3261 855 3330 Romoaldus,
869 3259 1034 3326 notarius
1057 3260 1123 3326 hoc
1147 3258 1430 3325 instrumentum
1453 3257 1635 3326 exaravit.

630 3413 658 3504 †
682 3417 757 3500 Ego
779 3411 992 3479 Romoaldus
1016 3430 1072 3478 me
1094 3407 1304 3496 subscripsi.

631 3565 659 3656 †
683 3570 758 3653 Ego
780 3566 951 3634 Ademari
974 3565 1138 3634 notarius
1163 3583 1218 3630 me
1241 3561 1448 3650 subscripsi.

1386 3981 1640 4064 MCCXII

1357 4228 1417 4303 A.
1444 4227 1503 4304 D.
1532 4229 1657 4306 1055

627 4485 718 4573 Jsin
745 4485 886 4553 nomine
909 4487 1072 4566 domini,
1115 4493 1385 4579 quartodecimo
1421 4517 1516 4565 anno
1540 4500 1765 4586 principatus
1799 4502 1919 4570 domni
1954 4505 2069 4573 nostri
2102 4507 2270 4596 Gisulphi
2306 4513 2457 4598 gloriosi

587 4639 786 4724 principiS,
813 4659 930 4708 mense
968 4643 1113 4728 Aprili,
1153 4645 1308 4714 hoctava
1330 4648 1536 4718 indictione.
1575 4618 1866 4722 Memoratorium
1901 4657 2036 4724 lactum
2060 4678 2080 4723 a
2104 4679 2160 4726 me
2190 4661 2361 4731 iohanne
2386 4667 2460 4734 dia·

586 4791 680 4858 hono
701 4796 850 4860 ecclesie
874 4797 990 4862 sancti
1015 4796 1163 4884 maximi
1187 4798 1261 4865 filio
1285 4802 1464 4886 quondam
1487 4805 1623 4890 sergii,
1663 4825 1704 4872 eo
1728 4808 1821 4894 quod
1846 4827 1967 4877 coram
1990 4809 2256 4882 subscribendis
2305 4819 2461 4887 testibus

587 4965 652 5032 per
677 4949 962 5016 convenientiam
989 4951 1120 5017 mulier
1143 4952 1286 5020 nomine
1309 4957 1436 5022 aloara
1459 4957 1587 5024 relicta
1612 4962 1823 5063 machenolll
1847 4963 1891 5029 de
1915 4963 1992 5030 loco
2018 4967 2164 5035 nucerio
2186 4972 2224 5035 et
2253 4971 2367 5049 rico,
2395 4971 2461 5060 qvi

587 5104 671 5167 sunt
694 5105 811 5169 mater
824 5106 860 5171 et
875 5103 982 5178 iilius,
1008 5103 1184 5172 dederuut
1208 5087 1315 5174 michi
1341 5109 1583 5196 quadraginta
1607 5114 1688 5180 auri
1713 5117 1857 5183 tarenos
1880 5119 1925 5185 ad
1951 5119 2152 5188 faciendum
2177 5141 2225 5190 ex
2254 5127 2342 5194 heis
2367 5127 2461 5214 quod

588 5257 761 5328 voluero,
793 5259 831 5323 et
854 5275 920 5344 ego
944 5277 1007 5343 pro
1032 5259 1163 5326 talibus
1186 5277 1250 5346 per
1273 5263 1560 5334 convenientiam
1585 5268 1718 5336 tradidi
1743 5270 1829 5356 ipsis
1853 5273 1960 5341 matri
1984 5276 2021 5342 et
2043 5276 2117 5343 filio
2142 5277 2186 5344 ad
2212 5280 2464 5348 frudiandum

588 5407 769 5496 integram
794 5413 933 5498 partem
959 5431 1102 5490 meam,
1139 5433 1208 5499 que
1231 5415 1341 5482 michi
1365 5418 1509 5484 evenire
1532 5419 1638 5489 dehet
1659 5421 1703 5490 de
1728 5443 1800 5491 una
1822 5429 1925 5512 pecia
1958 5425 2002 5493 de
2037 5429 2139 5496 terra
2173 5449 2262 5498 cum
2291 5437 2464 5510 arbusto,

588 5577 694 5647 quam
718 5581 785 5649 ego
808 5563 845 5630 in
870 5564 1077 5633 beneficium
1102 5567 1240 5637 retineo
1264 5589 1286 5637 a
1310 5575 1413 5659 parte
1436 5572 1605 5642 iamdicto
1629 5578 1779 5645 ecclesie
1801 5580 1917 5648 sancti
1952 5582 2103 5650 maximi
2126 5582 2165 5651 in
2187 5585 2355 5656 heodem
2381 5591 2462 5658 loco
2526 5585 2531 5598 '

589 5716 733 5784 nucerie
758 5717 817 5786 ubi
841 5721 953 5786 terme
976 5709 1123 5800 dicitur,
1148 5726 1185 5790 et
1207 5724 1310 5792 illam
1335 5726 1380 5793 ad
1405 5729 1640 5798 laborandum
1666 5732 1798 5800 retinet
1821 5733 1959 5804 cicerus
1982 5739 2019 5804 et
2042 5739 2207 5807 maralda
2234 5741 2285 5809 de
2312 5743 2467 5813 heodem
