5452 7108
593 475 639 550 ta
1223 471 1404 549 OODEX
1444 475 1715 552 OAVEASlS

545 673 700 742 hominis
723 673 967 750 mensuratam
996 673 1051 740 Ab
1074 671 1152 760 ipsa
1175 675 1278 760 parte
1301 673 1450 742 meridie
1473 677 1527 742 est
1548 674 1629 742 finis
1652 694 1751 742 mare
1770 677 1879 762 ‚qual
1893 675 1965 742 iter
1979 673 2107 762 incipit
2129 677 2176 742 ab
2198 673 2273 762 ipso
2296 675 2410 742 flumi-

555 847 612 904 ne,
639 825 730 914 quod
754 825 926 894 discernit
949 825 1044 892 inter
1067 826 1132 893 has
1156 843 1212 893 res
1235 829 1272 894 et
1294 826 1386 894 alias
1409 846 1468 896 res
1491 847 1628 906 eorum,
1655 831 1691 896 et
1714 829 1814 896 vadit
1843 848 1954 917 usque
1978 828 2020 896 in
2036 829 2182 896 flubium
2205 830 2249 897 de
2271 829 2406 917 pluppi.

552 983 581 1046 A
607 983 710 1066 parte
732 979 926 1048 occidentis
950 983 1004 1048 est
1025 980 1118 1058 linis,
1145 981 1300 1068 qualiter
1323 980 1484 1048 ascendit
1507 983 1554 1048 ab
1578 980 1653 1068 ipso
1676 981 1837 1059 marius,
1863 1001 1932 1069 que
1955 981 1993 1050 in
2016 983 2210 1050 terminum
2234 983 2295 1070 qui
2317 983 2409 1051 fixus

548 1139 605 1202 est
627 1135 769 1221 longius
793 1137 839 1202 ab
861 1133 1013 1201 ecclesia
1036 1133 1152 1200 sancti
1176 1132 1397 1210 Zachariae,
1423 1151 1492 1220 que
1517 1133 1567 1202 ibi
1594 1135 1805 1202 constructa
1828 1135 1904 1211 est,
1929 1133 2091 1219 passibus
2126 1134 2343 1222 quingentis.
2379 1136 2409 1201 A

547 1293 651 1374 parte
673 1287 936 1376 septemtrionis
960 1292 1014 1355 est
1035 1287 1115 1355 finis
1138 1287 1254 1356 media
1276 1305 1379 1364 sors,
1415 1285 1582 1373 qualiter
1607 1285 1737 1372 incipit
1758 1287 1805 1353 ab
1827 1286 1903 1374 ipso
1926 1287 2079 1354 termine
2110 1289 2146 1354 et
2168 1285 2348 1356 descendit
2370 1289 2409 1357 in

552 1443 709 1512 medium
732 1443 923 1510 vallonem.
949 1444 995 1509 Et
1017 1443 1063 1509 ab
1085 1441 1160 1526 ipso
1183 1439 1326 1506 vallone
1349 1439 1514 1506 ascendit
1537 1439 1584 1507 in
1607 1438 1742 1528 plaiam
1757 1443 1794 1508 θῖ
1816 1440 1998 1508 descendit
2019 1442 2059 1510 in
2081 1441 2193 1510 alium
2216 1443 2406 1518 vallonem,

548 1600 587 1667 in
612 1617 680 1687 quo
703 1598 772 1666 duo
796 1598 955 1665 vallones
979 1597 1017 1665 in
1041 1614 1152 1664 unum
1175 1594 1387 1682 iunguntur.
1413 1597 1457 1662 Et
1480 1599 1526 1665 ab
1549 1597 1624 1684 ipso
1647 1577 1789 1666 vallone
1813 1597 1973 1667 ascendit
1994 1597 2034 1666 in
2049 1599 2166 1666 torum
2191 1597 2254 1684 qui
2275 1597 2408 1664 dicitur

549 1755 593 1822 de
617 1754 749 1832 Catari,
774 1755 813 1824 in
837 1774 905 1842 quo
929 1758 1003 1821 tres
1026 1755 1171 1827 termini
1205 1753 1244 1824 in
1269 1776 1379 1825 unum
1401 1755 1464 1824 fixi
1479 1758 1577 1826 sunt.
1604 1755 1649 1821 Et
1663 1757 1710 1822 ab
1732 1755 1819 1842 ipsis
1835 1751 1999 1820 terminis
2010 1751 2192 1820 descendit
2206 1769 2270 1838 per
2292 1751 2408 1836 plaias

551 1913 588 1976 et
611 1929 676 1997 per
698 1911 812 1979 valles
836 1911 1009 1998 usquein
1032 1913 1106 1978 tres
1129 1909 1266 1998 lapides
1289 1909 1498 1987 inmobiles,
1537 1927 1606 1996 que
1640 1911 1725 1976 sunt
1748 1907 1891 1994 longius
1925 1910 1972 1976 ab
2005 1903 2156 1974 ecclesia
2183 1904 2299 1972 sancti
2322 1922 2409 1990 pan-

548 2065 668 2146 cratii,
694 2085 763 2155 que
787 2065 837 2134 ibi
860 2069 1066 2135 constructa
1089 2067 1168 2143 est,
1194 2064 1356 2152 passibus
1380 2062 1514 2150 viginti
1538 2061 1708 2150 quinque.
1741 2063 1787 2129 Et
1809 2063 1855 2129 ab
1877 2059 1963 2147 ipsis
1990 2057 2167 2146 lapidibus
2190 2059 2327 2125 rectum
2350 2057 2409 2124 de-

555 2221 695 2289 scendit
717 2240 781 2310 per
804 2220 975 2289 terminos
992 2239 1103 2307 usque
1126 2219 1164 2286 in
1187 2217 1480 2306 suprascriptum
1503 2217 1673 2294 flubium,
1699 2214 1792 2302 quod
1814 2213 1883 2282 duo
1905 2212 2053 2281 flumina
2074 2211 2219 2279 dicitur.
2251 2213 2282 2278 A
2303 2215 2407 2300 parte

554 2374 710 2443 orientis
733 2376 788 2442 est
809 2373 889 2441 linis
914 2371 1071 2440 medium
1095 2372 1216 2458 ipsum
1240 2372 1383 2440 flumen.
1420 2373 1466 2438 Et
1488 2391 1554 2459 pro
1577 2365 1793 2458 cognitionis
1815 2387 1925 2438 causa
1947 2385 2156 2436 mensurare
2177 2365 2246 2434 leci
2268 2369 2314 2434 ab
2337 2386 2406 2432 uno

553 2528 597 2596 de
621 2527 708 2616 ipsis
731 2528 907 2605 terminis,
933 2527 996 2614 qui
1022 2527 1115 2594 fixus
1139 2529 1194 2594 θεῖ
1216 2527 1320 2594 iuxta
1343 2525 1439 2593 viam
1462 2525 1649 2613 puplicam
1665 2525 1760 2592 inter
1783 2519 1887 2590 istam
1902 2524 2046 2600 sortem,
2063 2524 2100 2589 et
2121 2521 2234 2608 ipsam
2257 2519 2407 2588 mediam

550 2683 707 2759 sortem,
732 2683 769 2748 et
791 2683 876 2748 sunt
901 2684 947 2750 ab
970 2681 1046 2767 ipso
1069 2633 1221 2746 termino
1244 2697 1356 2765 usque
1378 2696 1479 2746 mare
1510 2677 1673 2765 passibus
1696 2676 1895 2763 octingenti
1918 2674 2160 2763 quadraginta
2180 2693 2244 2742 sex
2267 2693 2407 2742 mensu-

410 2866 420 2880 *
550 2837 619 2906 rati
643 2837 835 2926 perillum
859 2840 993 2915 locum,
1013 2837 1106 2904 unde
1122 2837 1203 2923 plus
1227 2837 1364 2902 rectum
1389 2835 1590 2902 mensurari
1613 2837 1772 2920 possunt.
1797 2834 1933 2902 Sortem
1957 2851 2025 2920 que
2047 2832 2086 2900 in
2108 2832 2222 2900 medio
2245 2835 2312 2911 est,
2337 2833 2405 2900 leci

550 2991 724 3081 perfines
747 2993 784 3057 et
806 3002 994 3058 mensuras
1018 2989 1111 3057 iusto
1135 3006 1278 3074 passum
1301 2986 1454 3055 hominis
1477 2991 1715 3056 mensuratas,
1754 2989 1808 3056 Ab
1830 2973 1908 3074 ipsa
1930 2989 2033 3076 parte
2056 2987 2218 3058 meridiei
2251 2991 2306 3055 est
2327 2987 2406 3054 linis

547 3144 795 3232 suprascripta
817 3163 906 3212 sors.
932 3145 963 3210 A
986 3113 1090 3230 parte
1113 3139 1304 3210 occidentis
1327 3145 1382 3209 θεῖ
1403 3135 1495 3217 finis,
1520 3141 1674 3228 qualiter
1697 3139 1825 3229 incipit
1847 3141 1877 3206 A
1901 3141 2147 3229 suprascripto
2169 3143 2321 3209 termino
2344 3142 2405 3229 qui

549 3300 643 3366 linus
666 3302 721 3366 θεῖ
743 3298 885 3385 longius
910 3300 955 3364 ab
979 3297 1063 3384 ipsa
1086 3297 1237 3365 ecclesia
1260 3298 1379 3366 Sancti
1402 3295 1586 3373 Zacharia,
1612 3295 1699 3382 ipsis
1722 3295 1928 3381 quingentis
1950 3296 2137 3382 passibus,
2163 3300 2200 3364 et
2222 3297 2321 3364 vadit
2343 3315 2407 3382 per

546 3451 706 3538 lapidem
729 3451 980 3528 immobilem,
1007 3469 1075 3536 que
1099 3452 1236 3516 rectum
1260 3450 1290 3515 A
1313 3451 1416 3535 parte
1439 3449 1632 3518 occidentis
1655 3448 1803 3536 respicit
1824 3447 1939 3534 ipsam
1962 3449 2168 3528 ecclesiam,
2195 3453 2239 3516 Et
2262 3451 2405 3537 abipso
2465 3415 2471 3436 ⁸

547 3604 673 3690 lapide
696 3607 833 3672 rectum
856 3600 957 3670 vadit
979 3602 1018 3670 in
1038 3601 1190 3670 vicinius
1213 3603 1355 3670 vallone
1377 3603 1504 3672 maius.
1531 3606 1576 3672 Et
1597 3623 1662 3692 per
1684 3604 1800 3692 ipsum
1815 3604 1993 3670 vallonem
2009 3603 2189 3670 descendit
2211 3605 2250 3672 in
2264 3606 2405 3692 partem

548 3755 697 3824 orientis
720 3774 831 3842 usque
855 3755 894 3823 in
917 3754 1026 3822 illum
1044 3754 1175 3831 locum,
1193 3754 1254 3822 ubi
1278 3755 1378 3822 ribus
1401 3755 1467 3842 qui
1486 3757 1584 3824 venit
1607 3759 1747 3845 aparte
1769 3756 2033 3845 septemtrionis
2048 3756 2211 3842 iungitur
2234 3777 2312 3823 oum
2329 3757 2404 3843 ipso

548 3910 702 3976 vallone.
727 3909 771 3973 Et
793 3910 840 3976 ab
853 3908 930 3994 ipso
955 3907 1096 3974 vallone
1120 3906 1280 3975 ascendit
1302 3926 1366 3994 per
1382 3908 1563 3976 vallonem
1587 3909 1626 3974 in
1641 3911 1782 3997 partem
1796 3909 1958 3977 orientis.
1984 3914 2029 3978 Et
2044 3909 2196 3976 revolvit
2210 3928 2274 3996 per
2289 3908 2404 3996 ipsum

551 4063 732 4130 vallonem
755 4061 795 4130 in
817 4063 921 4150 parte
943 4063 1238 4149 septemtrionis,
1263 4061 1406 4130 atinde
1429 4061 1528 4130 vadit
1550 4081 1614 4151 per
1636 4062 1762 4150 pedem
1785 4063 1828 4130 de
1852 4063 1957 4132 vinea
1980 4063 2171 4142 iohannis,
2204 4065 2266 4152 qui
2289 4065 2405 4134 dictus

552 4219 607 4284 est
634 4215 809 4302 griczutu.
846 4217 891 4312 Et
914 4214 1043 4284 abinde
1067 4219 1204 4284 rectum
1229 4214 1329 4282 vadit
1351 4213 1389 4281 in
1414 4215 1591 4281 vallonem
1615 4215 1653 4282 in
1676 4218 1779 4302 parte
1813 4215 2086 4303 septemtrionis,
2123 4217 2168 4282 Et
2190 4235 2255 4303 per
2287 4217 2404 4304 ipsum

552 4371 729 4479 vallonem
752 4371 914 4440 ascendit
936 4372 975 4438 in
998 4373 1103 4458 parte
1116 4369 1267 4438 orientis
1290 4388 1401 4455 usque
1425 4371 1486 4438 ubi
1510 4370 1664 4438 rebolbit
1678 4369 1793 4457 ipsum
1818 4372 2010 4438 vallonem.
2036 4373 2081 4438 Et
2103 4374 2149 4438 ab
2163 4371 2238 4457 ipso
2262 4372 2404 4439 vallone

546 4525 646 4594 vadit
670 4527 808 4593 rectum
832 4525 871 4592 in
894 4527 1091 4593 terminum
1115 4525 1177 4613 qui
1199 4525 1292 4592 fixus
1315 4525 1370 4591 est
1391 4524 1429 4591 in
1453 4528 1557 4612 parte
1581 4525 1743 4593 meridiei
1766 4525 1909 4610 longius
1943 4529 1988 4594 ab
2010 4527 2162 4595 ecclesia
2199 4528 2316 4596 sancti
2340 4528 2405 4595 mi-

548 4680 697 4760 chaelis,
723 4699 792 4769 que
815 4680 866 4748 ibi
890 4682 1098 4747 constructa
1120 4681 1186 4756 est,
1211 4677 1372 4765 passibus
1396 4679 1523 4768 viginti
1546 4699 1622 4748 sex.
1649 4683 1693 4747 Et
1716 4679 1761 4749 ab
1784 4681 1859 4767 ipso
1882 4681 2035 4750 termino
2066 4686 2203 4751 rectum
2226 4685 2344 4753 tendit
2366 4683 2404 4749 in

547 4837 690 4903 vallone
714 4835 841 4902 maius.
868 4837 913 4902 Et
935 4834 1140 4922 peripsum
1165 4833 1341 4900 vallonem
1365 4834 1526 4902 ascendit
1550 4853 1660 4923 usque
1684 4835 1721 4901 in
1743 4851 1901 4912 sarram,
1928 4835 1987 4904 ubi
2011 4837 2066 4903 θεῖ
2087 4855 2220 4922 parvus
2242 4838 2345 4904 lacus
2368 4839 2404 4904 et

548 4987 725 5056 terminus
747 4989 852 5056 fixus,
889 4991 934 5055 Et
957 4991 1004 5057 ab
1027 4988 1104 5075 ipso
1128 4987 1281 5057 termino
1306 4987 1457 5056 revolvit
1480 4988 1519 5055 in
1542 4991 1682 5074 partem
1705 4988 1897 5057 occidentis
1932 4989 2105 5078 usquein
2127 4991 2318 5058 terminum
2343 4990 2405 5078 qui

552 5145 648 5210 *fixus
671 5145 726 5210 est
748 5143 786 5210 in
809 5161 911 5211 serra
933 5143 977 5210 de
1001 5146 1119 5210 monte
1144 5144 1205 5230 qui
1243 5145 1298 5209 est
1320 5161 1343 5210 a
1365 5160 1471 5230 super
1499 5145 1718 5231 aquabella,
1754 5143 1850 5230 passi
1872 5143 2081 5234 octuaginta
2103 5146 2250 5232 septem.
2291 5145 2337 5211 Et
2359 5147 2405 5211 ab

545 5296 627 5382 ipso
651 5295 805 5392 termino
827 5295 980 5363 revolvit
1003 5295 1041 5362 in
1064 5297 1167 5382 parte
1190 5295 1453 5383 septemtrionis
1476 5314 1588 5383 usque
1612 5295 1651 5362 in
1673 5295 1786 5364 alium
1810 5295 2019 5373 terminem,
2043 5297 2139 5383 passi
2162 5299 2406 5386 quadraginta

547 5451 729 5534 quattuor.
755 5451 801 5516 Et
823 5452 869 5517 ab
892 5449 968 5535 ipso
993 5448 1150 5516 termino
1173 5447 1356 5516 descendit
1379 5447 1417 5514 in
1440 5437 1581 5535 partem'
1604 5448 1752 5517 orientis
1775 5468 1839 5535 per
1860 5467 1992 5527 serras,
2010 5468 2078 5536 que
2101 5452 2186 5518 sunt
2198 5451 2286 5520 lines
2309 5452 2404 5519 inter

549 5621 609 5670 res
632 5602 978 5670 monasteriizsancti
1001 5601 1141 5689 georgii
1164 5604 1199 5668 et
1220 5601 1429 5670 monasterii
1452 5605 1575 5670 sancte
1598 5603 1724 5680 marie,
1750 5620 1860 5688 usque
1883 5603 1920 5670 in
1943 5603 2136 5671 terminum
2160 5604 2221 5692 qui
2243 5606 2336 5673 fixus
2350 5610 2405 5675 est

549 5755 588 5824 iu
612 5755 760 5824 confinio
775 5757 933 5844 ipsorum
948 5753 1257 5825 monasteriorum.
1283 5756 1328 5822 nt
1351 5756 1397 5822 ab
1419 5753 1494 5842 ipso
1511 5755 1665 5824 termino
1687 5755 1871 5826 descendit
1893 5735 1932 5825 in
1947 5756 2089 5827 vallone
2104 5757 2221 5825 maius
2246 5757 2284 5826 in
2299 5763 2402 5846 parte
