5454 7104
601 513 668 591 ns
1009 455 1048 542 '-
1265 511 1442 588 coosx
1485 509 1747 588 rivensis

550 713 635 800 ipsis
659 711 912 780 festivitatibus
937 729 1045 778 unum
1069 710 1211 796 parium
1234 710 1280 777 de
1295 710 1426 777 oblate.
1453 711 1498 776 Et
1520 729 1585 796 per
1606 705 1857 778 convenientia
1879 707 1955 794 ipse
1970 707 2142 776 iohannes
2164 706 2317 775 clericus
2333 726 2402 796 per

547 853 803 936 absolutionem
827 865 938 953 ipsius
962 864 1136 951 genitoris
1159 860 1215 932 sui
1238 867 1274 931 et
1297 882 1338 930 eo
1362 867 1539 949 presente,
1564 881 1628 947 per
1652 879 1761 948 quam
1782 861 1903 930 omnia
1925 880 1995 949 que
2019 863 2058 928 in
2080 880 2122 930 ac
2145 863 2246 930 carta
2267 864 2408 950 scripta

462 1005 464 1010 ¹
549 1026 586 1090 et
608 1021 797 1090 scribenda
819 1025 931 1095 sunt,
969 1019 1247 1106 fecitguadiam
1271 1018 1380 1086 michi
1403 1039 1467 1105 pro
1491 1001 1594 1106 parto
1617 1036 1698 1086 mea
1720 1019 1758 1084 et
1780 1016 1937 1104 ipsorum
1960 1017 2027 1084 fflii
2050 1017 2226 1086 adelberti
2249 1022 2286 1085 et
2307 1018 2411 1104 guai-

549 1179 664 1244 mario
687 1177 808 1253 dedit,
833 1179 871 1243 et
892 1175 1133 1244 fideiussorem
1158 1172 1266 1240 michi
1291 1192 1355 1259 pro
1379 1191 1459 1240 mea
1482 1177 1519 1239 et
1541 1173 1687 1240 illorum
1711 1176 1815 1259 parte
1838 1173 1956 1259 posuit
1978 1171 2136 1258 sergium
2158 1172 2272 1239 tilium
2297 1192 2410 1259 quou-

547 1333 629 1402 dam
655 1333 830 1402 lobannis.
858 1337 903 1402 Et
925 1349 990 1419 per
1013 1332 1127 1417 ipsam
1150 1329 1321 1416 guadiam
1344 1328 1520 1414 obligavit
1541 1346 1580 1396 se
1603 1327 1802 1414 adimplere
1824 1327 1934 1394 michi
1957 1326 2097 1413 meique
2121 1325 2311 1394 heredibus
2335 1373 2344 1402 ,
2370 1330 2410 1394 et

549 1487 706 1574 ipsorum
729 1487 795 1554 iiiii
818 1487 993 1554 adelberti
1008 1489 1045 1552 et
1060 1484 1255 1571 guaimarii
1279 1487 1316 1551 et
1332 1483 1478 1552 illorum
1502 1481 1706 1557 heredibus,
1723 1484 1770 1549 ab
1792 1480 1871 1566 ipsa
1894 1480 2101 1548 deiuntione
2117 1479 2228 1566 ipsius
2245 1481 2408 1558 Abbatis,

550 1659 661 1729 usque
684 1642 768 1709 dum
792 1641 893 1708 vibus
916 1640 1026 1708 suerit
1049 1639 1087 1706 in
1110 1638 1356 1726 suprascripta
1380 1637 1521 1705 ratione
1543 1635 1676 1712 omnia,
1702 1634 1860 1723 qualiter
1882 1635 2048 1721 superius
2082 1635 2230 1721 legitur.
2256 1635 2410 1703 Verum·

551 1799 672 1862 tamen
694 1797 731 1860 et
754 1793 791 1860 in
814 1781 1096 1880 suprascriptam
1119 1811 1239 1859 casam
1266 1809 1373 1878 quam
1398 1790 1578 1858 fabricare
1601 1789 1754 1866 debent,
1794 1789 1889 1856 sicut
1910 1807 2022 1875 supra
2044 1789 2207 1875 legitur,
2243 1808 2266 1856 a
2300 1808 2409 1872 super

549 1946 666 2034 ipsum
691 1951 874 2015 astracum
899 1949 1035 2014 iaceret
1058 1947 1236 2014 fabricare
1261 1944 1419 2032 parietes
1441 1961 1506 2031 per
1529 1944 1744 2021 circuitum,
1780 1945 1874 2011 sicut
1897 1943 2071 2012 meruerit
2104 1945 2142 2012 in
2176 1945 2289 2012 altum
2313 1945 2410 2011 iusta

550 2101 690 2168 ratione
709 2150 717 2178 ,
742 2105 779 2168 et
802 2099 984 2186 cooperiat
1006 2100 1098 2166 illud
1122 2119 1202 2166 cum
1227 2099 1397 2167 scindolis
1421 2103 1458 2166 et
1480 2101 1556 2168 alia
1579 2099 1808 2185 lignamina,
1833 2098 1928 2166 sicut
1949 2116 2061 2184 supra
2083 2099 2246 2184 legitur,
2283 2103 2320 2166 et
2345 2117 2411 2184 per

550 2273 654 2322 omne
677 2274 811 2322 annum
835 2255 873 2321 in
896 2273 1006 2340 pasca
1031 2253 1306 2321 resurrectionis
1329 2253 1463 2321 domini
1487 2254 1623 2340 dirigat
1656 2254 1732 2341 ipse
1755 2254 1926 2322 iohannes
1963 2253 2116 2320 clericus
2151 2253 2328 2339 presbiter
2363 2253 2408 2321 ad

551 2410 693 2475 domum
718 2361 832 2476 meam
857 2408 960 2475 etde
985 2407 1072 2474 meis
1096 2406 1315 2482 heredibus,
1352 2410 1389 2474 et
1412 2408 1457 2474 ad
1479 2409 1598 2476 domos
1622 2406 1779 2492 ipsorum
1802 2407 1867 2473 fflii
1891 2405 2068 2474 adelberti
2090 2409 2127 2472 et
2149 2405 2344 2492 guaimarii
2368 2405 2412 2472 et

551 2563 595 2630 de
619 2563 766 2630 illorum
790 2517 1110 2637 heredibusssicut
1135 2563 1266 2627 iustum
1292 2561 1411 2639 fuerit,
1437 2581 1517 2629 oum
1542 2563 1667 2641 cereis,
1693 2561 1871 2640 crucibus,
1897 2563 2056 2649 qualiter
2078 2563 2264 2639 meruerit,
2289 2565 2326 2629 et
2348 2581 2408 2649 po-

552 2721 641 2785 nant
664 2717 747 2784 illas
771 2735 835 2803 per
858 2717 944 2804 ipsis
967 2718 1128 2786 domibus
1151 2717 1282 2785 nostris
1306 2721 1343 2784 et
1366 2717 1521 2785 illorum.
1563 2720 1607 2784 st
1628 2717 1686 2794 si,
1714 2717 1807 2785 sicut
1828 2719 1993 2803 superius
2015 2717 2188 2803 scriptum
2211 2720 2293 2792 est,
2331 2717 2409 2802 ipso

552 2874 726 2939 Iohannes
749 2871 902 2940 clericus
926 2871 1035 2940 michi
1060 2877 1096 2940 et
1119 2873 1206 2960 ipsis
1228 2872 1295 2938 tilii
1319 2871 1495 2938 adelberti
1519 2879 1554 2938 et
1577 2870 1796 2957 guaimarii,
1821 2875 1858 2938 et
1881 2871 1969 2938 meis
1992 2875 2029 2937 et
2050 2871 2194 2938 illorum
2218 2870 2411 2938 heredibus

553 3045 624 3094 non
647 3025 910 3112 adimpleverit,
928 3029 964 3092 et
986 3024 1231 3112 suprascripta
1253 3025 1311 3092 vel
1334 3044 1380 3091 ex
1405 3025 1455 3092 eis
1479 3025 1670 3114 quicquam
1694 3043 1877 3093 removere
1900 3027 1964 3094 aut
1978 3024 2225 3093 contradicere
2249 3043 2411 3111 presum-

554 3181 677 3266 pserit,
704 3199 768 3268 per
790 3181 906 3267 ipsam
921 3179 1092 3266 guadiam
1118 3179 1294 3266 obligavit
1316 3197 1354 3246 se
1370 3198 1580 3267 componere
1603 3181 1713 3248 michi
1736 3183 1773 3248 et
1794 3179 1953 3268 ipsorum
1975 3181 2041 3248 filii
2059 3179 2234 3248 adelberti
2256 3183 2294 3247 ct
2308 3179 2414 3265 guai-

555 3331 689 3410 marii,
728 3337 766 3402 et
788 3337 857 3402 mei
883 3338 919 3401 et
943 3333 1088 3401 illorum
1113 3332 1303 3402 heredibus
1328 3337 1506 3402 trecentos
1530 3333 1619 3402 huri
1641 3335 1770 3405 solidos
1793 3335 2112 3404 constantinianos.
2153 3337 2197 3402 nt
2228 3335 2352 3403 taliter
2376 3338 2413 3402 te

554 3487 776 3555 ademarium
801 3486 981 3555 notarium
1004 3487 1163 3554 scrivere
1189 3487 1324 3572 rogavi.

598 3640 625 3731 †
650 3643 723 3726 Ego
747 3641 808 3729 qui
834 3660 944 3728 supra
969 3641 1141 3711 iohannes
1165 3641 1275 3710 iudex

601 3793 628 3884 †
651 3797 726 3880 Ego
750 3795 906 3864 ademari
930 3797 1093 3863 notarius
1116 3813 1172 3862 me
1196 3794 1391 3880 subscripsi

599 3948 626 4039 †
651 3951 726 4034 Ego
751 3949 954 4017 romoaldus
976 3947 1139 4018 notarius
1162 3967 1217 4014 me
1241 3947 1445 4034 subscripsi.

1322 4367 1640 4466 MCXXXII

1331 4647 1394 4722 A.
1422 4587 1481 4721 0.
1511 4639 1637 4722 1050

602 4877 628 4966 †
653 4879 692 4945 ln
716 4878 858 4946 nomine
881 4879 1016 4947 domini
1039 4880 1219 4950 tricesimo
1242 4881 1397 4949 secundo
1420 4901 1514 4950 auno
1538 4881 1761 4969 principatus
1783 4880 1903 4949 domui
1920 4881 2033 4950 nostri
2057 4884 2252 4970 guaimarii
2267 4886 2412 4972 gloriosi

558 5031 757 5118 principis,
782 5037 819 5102 et
840 5033 1047 5103 duodecimo
1073 5033 1102 5118 ¹)
1126 5053 1220 5104 anno
1243 5035 1396 5104 ducatus
1418 5037 1496 5106 eius
1518 5037 1656 5106 amalfis
1678 5041 1716 5105 et
1737 5038 1914 5115 aimonii,
1954 5041 1992 5106 et
2013 5042 2139 5108 octabo
2169 5058 2263 5108 anno
2285 5059 2411 5129 supra·

557 5185 772 5272 scriptorum
796 5187 1063 5274 principatuum
1101 5193 1138 5257 et
1161 5190 1358 5258 ducatuum
1396 5189 1653 5285 domnigisolfl
1675 5191 1742 5261 tilii
1764 5191 1841 5260 eius
1863 5191 1990 5259 eximii
2027 5192 2201 5280 principis
2238 5196 2276 5262 et
2297 5195 2411 5272 ducis,

559 5360 679 5410 mense
703 5343 868 5421 martius,
883 5345 993 5414 tertia
1015 5344 1225 5416 indictione.
1250 5348 1401 5434 Propter
1415 5347 1598 5416 dominum
1621 5351 1659 5414 et
1673 5345 1791 5415 anime
1816 5345 2011 5415 remedium
2027 5349 2135 5416 offero
2158 5366 2214 5416 me
2229 5369 2296 5438 ego
2313 5369 2416 5418 mun·
2433 5327 2435 5332 ⁵

559 5499 626 5566 dus
650 5500 828 5586 presbiter
850 5499 945 5569 iilius
968 5501 1145 5590 quondam
1170 5501 1318 5571 radicisi
1343 5505 1381 5570 in
1403 5501 1555 5571 ecclesia
1570 5505 1782 5572 vocabulum
1806 5505 1922 5572 sancti
1946 5505 2079 5592 angeli,
2105 5506 2267 5593 quesita
2289 5503 2411 5574 estin·

602 5777 627 5855 ³)
648 5779 770 5842 Potius:
793 5776 971 5846 undecimo.
