5454 7104
1011 526 1416 601 viriditatibus
2000 605 2003 614 ,
2052 527 2118 600 109

313 723 447 792 stituat
472 743 537 811 per
560 723 673 810 ipsam
696 722 866 809 guadiam
889 723 927 790 et
949 722 1148 809 predictum
1172 721 1420 800 mediatorem
1445 725 1483 790 et
1504 722 1620 808 ipsum
1642 721 1822 809 predictus
1855 721 2030 790 mediator
2051 724 2106 789 est
2128 721 2171 788 de

316 876 396 944 loco
420 875 482 964 qui
504 875 635 948 dicitur
658 875 869 952 castanieta,
895 875 989 964 quod
1010 874 1167 943 scribere
1189 874 1356 942 iussimus
1380 879 1416 942 te
1439 867 1568 944 landus
1590 874 1768 962 presbiter
1791 877 1828 942 et
1852 877 1972 943 noster
1995 875 2168 943 notarius.

191 1069 198 1076 -
313 1031 441 1098 Actum
465 1026 606 1099 cilento.

358 1183 385 1274 †
409 1187 483 1272 Ego
506 1185 568 1274 qui
590 1204 700 1274 supra
724 1185 911 1274 iaquintus
933 1185 1139 1254 bicecomes.

1102 1957 1341 2050 MCXIX

1059 2237 1119 2312 n.
1146 2235 1204 2310 D.
1232 2237 1359 2314 1049
1389 2230 1421 2337 ι)

357 2533 384 2626 †
409 2537 448 2604 ln
470 2535 611 2603 nomine
635 2535 769 2604 domini
793 2534 973 2636 tricesimo
996 2535 1110 2622 priruo
1135 2553 1230 2603 anno
1254 2533 1476 2621 principatus
1511 2534 1630 2602 domni
1653 2533 1766 2601 nostri
1797 2531 1991 2619 guaimarii
2014 2529 2161 2618 gloriosi

314 2690 501 2778 principis,
527 2691 563 2756 et
586 2689 770 2758 undecimo
794 2708 888 2756 armo
912 2687 1061 2756 ducatus
1084 2687 1160 2754 eius
1184 2689 1322 2755 amalfis
1346 2689 1382 2754 et
1407 2688 1436 2770 ¹)
1460 2687 1619 2766 sirrenti,
1645 2691 1681 2754 et
1704 2689 1827 2754 octabo
1851 2703 1945 2753 anno
1967 2683 2163 2772 suprascri-

314 2845 456 2931 ptorum
480 2842 744 2930 principatuum
767 2843 1020 2916 etducatuum
1044 2840 1163 2908 domni
1186 2839 1305 2928 gisulfi
1329 2841 1394 2908 filii
1419 2841 1496 2908 eius
1519 2840 1644 2908 eximii
1660 2841 1831 2926 principis
1855 2841 1892 2906 et
1914 2837 2025 2916 ducis,
2047 2853 2166 2904 meuse

312 2996 464 3082 magius
482 2997 638 3066 secunda
660 2996 867 3065 indictione.
895 2997 1044 3084 Ideoque
1068 3015 1133 3082 ego
1157 2998 1280 3082 petrus
1302 2997 1397 3064 filius
1422 2996 1598 3085 quondam
1622 2993 1700 3070 uiti,
1718 2993 1914 3062 Glarefacio
1938 3011 1995 3059 me
2010 2993 2165 3060 retinere

312 3149 478 3238 plurimis
501 3153 606 3218 rebus
628 3149 667 3217 in
688 3150 759 3218 fine
784 3148 1008 3236 caputaquis,
1024 3149 1060 3218 in
1076 3150 1152 3216 loco
1176 3151 1235 3218 ubi
1252 3151 1395 3236 proprio
1421 3149 1553 3216 dicitur
1575 3147 1728 3226 subarci‚
1745 3166 1831 3234 quos
1856 3149 1941 3214 sunt
1964 3145 2071 3213 terris
2084 3165 2163 3212 cum

290 3303 427 3372 ¹vineis
450 3305 486 3372 et
508 3307 617 3372 terris
640 3304 763 3372 vacive
785 3307 822 3372 et
846 3305 1035 3374 arboribus
1058 3305 1239 3392 pomiferis
1262 3305 1319 3372 vel
1344 3304 1565 3392 inpomiferis
1589 3295 1798 3390 pertinente
1828 3301 1937 3370 michi
1961 3322 1983 3370 a
2006 3301 2164 3390 predicto

311 3454 474 3540 genitore
497 3473 601 3531 meo,
627 3455 664 3520 et
687 3457 833 3540 propter
856 3454 962 3522 deum
985 3457 1022 3522 et
1047 3455 1166 3523 anime
1189 3474 1266 3522 mee
1291 3455 1515 3531 remedium,
1556 3474 1753 3542 congruum
1777 3458 1831 3522 est
1857 3455 1966 3524 micbi
1992 3457 2104 3522 totum
2128 3459 2165 3522 et

309 3607 475 3675 inclitum
498 3607 584 3675 illut
605 3607 747 3677 offerire
773 3609 810 3676 in
833 3609 985 3678 ecclesia
1008 3609 1123 3677 sancti
1146 3609 1282 3676 mathei
1306 3610 1454 3698 apostoli
1479 3613 1516 3676 et
1537 3610 1780 3697 evangeliste,
1807 3629 1875 3697 que
1898 3611 1969 3678 sita
1991 3613 2046 3678 est
2069 3612 2166 3679 intus

312 3765 419 3830 rebus
442 3761 562 3832 domni
586 3760 733 3850 paldulfi
756 3763 821 3831 filii
846 3765 1024 3851 quondam
1047 3763 1166 3831 domni
1189 3765 1370 3850 guaimari
1396 3765 1519 3850 magni
1542 3765 1734 3852 principis,
1760 3735 1867 3852 quam
1891 3764 2023 3832 retinet
2047 3765 2087 3832 in
2109 3783 2167 3832 su·

310 3913 471 4001 predicto
495 3917 571 3982 loco
595 3934 659 4002 per
681 3917 822 3983 firmum
845 3917 1018 4001 scriptum
1041 3937 1064 3984 a
1085 3917 1249 4004 partibus
1273 3916 1465 4002 grimoaldi
1489 3914 1611 3984 cleriei
1635 3916 1815 3984 insobrino
1839 3917 1944 3986 fratri
1974 3935 2051 4000 meo
2068 3965 2091 3996 ,-
2107 3918 2166 3986 ubi

312 4068 476 4137 omnibus
498 4067 585 4157 ipsis
609 4070 696 4138 meis
719 4069 912 4138 declaratis
936 4073 1040 4138 rebus
1064 4068 1191 4138 vicinis
1215 4089 1291 4138 esse
1316 4070 1492 4139 videntur.
1518 4073 1573 4146 Et,
1599 4069 1706 4138 sicuti
1731 4089 1928 4156 congruum
1963 4061 2026 4140 est
2056 4071 2165 4140 michi

314 4242 379 4309 per
403 4224 688 4292 convenientiam
711 4227 748 4291 et
771 4227 863 4292 bona
886 4242 966 4292 mea
989 4225 1199 4312 voluntate,
1225 4227 1310 4292 ante
1333 4225 1469 4294 idoneis
1492 4225 1693 4294 hominibus
1716 4227 1908 4313 subscripti
1932 4229 2067 4305 testes,
2102 4246 2166 4315 per

312 4377 407 4445 hunc
430 4378 603 4465 scriptum
625 4381 734 4447 offero
750 4378 787 4445 iu
804 4378 965 4465 predicta
987 4379 1137 4446 ecclesia
1159 4379 1320 4446 omnibus
1336 4379 1422 4466 ipsis
1447 4379 1533 4446 meis
1550 4375 1741 4447 declaratis
1766 4384 1883 4457 rebus.
1912 4382 2156 4469 undecumque

311 4532 368 4598 vel
393 4531 716 4621 quomodocumque
740 4533 840 4600 modo
865 4537 919 4601 est
941 4532 1049 4601 michi
1072 4534 1273 4620 pertinente
1298 4533 1435 4620 inipso
1461 4533 1642 4602 nominato
1675 4536 1778 4611 loco,
1814 4535 2086 4621 perscriptum
2121 4541 2158 4603 et

310 4685 397 4752 ioris
420 4686 619 4772 scriptum,
661 4689 774 4755 totum
797 4689 833 4754 et
856 4684 1018 4756 inclitum
1041 4688 1126 4755 illut
1147 4689 1185 4755 in
1208 4689 1373 4776 predicta
1396 4688 1549 4756 ecclesia
1571 4690 1679 4755 offero
1702 4707 1783 4754 cum
1808 4687 1958 4754 introitu
1982 4691 2018 4755 et
2046 4689 2162 4766 exitu,

312 4841 350 4906 et
373 4841 449 4908 vice
474 4841 517 4908 de
542 4841 608 4908 viis
631 4842 704 4939 suis
728 4845 866 4910 etcum
889 4843 1009 4910 omnia
1033 4843 1129 4910 intra
1152 4861 1188 4910 se
1213 4843 1298 4930 ipsis
1324 4845 1429 4911 rebus
1455 4843 1669 4910 habentibus
1692 4843 1923 4930 omnibusque
1946 4842 2033 4910 inde
2057 4844 2164 4931 perti·
2204 4914 2208 4924 ,

312 4999 450 5064 nentes.
476 4996 531 5064 Sic
556 5016 722 5084 namque,
749 5000 801 5074 ut,
828 5016 937 5086 usque
961 4998 1045 5066 dum
1069 5017 1134 5084 ego
1156 4997 1258 5066 rivus
1283 4999 1397 5076 ibero,
1424 4997 1463 5065 in
1487 5017 1602 5066 meam
1634 5001 1844 5085 permaneat
1877 4999 2085 5084 potestatem
2115 4999 2165 5064 te-

310 5147 423 5216 nendi
445 5150 482 5214 et
505 5147 698 5225 studiendi,
724 5149 826 5216 etde
850 5149 925 5236 ipso
948 5148 1064 5216 frudio
1087 5149 1241 5216 faciendi
1264 5149 1385 5216 omnia
1410 5167 1478 5237 que
1502 5151 1659 5216 voluero:
1687 5150 1829 5216 tantum
1853 5166 2078 5234 peromnem
2103 5167 2163 5215 an-

315 5324 399 5372 num
425 5303 463 5370 in
487 5305 722 5372 translatione
745 5305 862 5372 sancti
884 5303 1020 5372 mathei
1044 5303 1148 5371 detur
1171 5303 1209 5371 in
1234 5304 1311 5390 ipsa
1334 5304 1487 5372 ecclesia
1522 5322 1586 5389 pro
1610 5321 1752 5370 censum
1789 5302 1832 5371 de
1856 5302 2027 5389 predictis
2062 5304 2166 5369 rebus

351 5680 373 5758 ⁸)
405 5677 476 5744 rode
495 5677 669 5758 tac-simile
691 5679 725 5742 in
747 5676 821 5757 fine.

334 5819 380 5907 ¹¹)
401 5825 544 5889 Decimo.
