5454 7104
1005 449 1468 576 ‘orrnouurrcus

1067 833 1412 918 MGXXXIV

1094 1085 1152 1157 A.
1181 1081 1238 1154 D.
1267 1081 1396 1156 1050

362 1349 389 1440 †
414 1352 452 1416 ln
476 1349 618 1416 nomine
642 1349 777 1415 domini
801 1349 980 1418 tricesimo
1003 1347 1157 1418 secundo
1181 1369 1276 1440 anno
1293 1349 1517 1435 principatus
1542 1347 1662 1414 domni
1679 1349 1792 1414 nostri
1820 1349 2002 1434 guaimari
2026 1349 2173 1433 gloriosi
2252 1365 2255 1372 ·

322 1503 507 1589 principis,
534 1506 578 1570 Et
602 1503 809 1570 duodecimo
834 1523 929 1571 anno
954 1501 1105 1572 ducatus
1128 1506 1262 1581 amalfi,
1282 1506 1319 1570 et
1336 1504 1529 1571 Undecimo
1555 1523 1651 1571 anno
1674 1503 1821 1570 ducatus
1846 1504 1944 1570 illius
1959 1503 2119 1580 sirrenti,
2138 1509 2173 1570 et
2245 1585 2254 1605 .

324 1661 446 1725 octabo
473 1657 501 1740 ¹)
529 1661 622 1724 anno
646 1658 872 1743 principatus
896 1661 933 1726 et
957 1659 1116 1744 ipsorum
1140 1659 1336 1726 ducatuum
1363 1659 1483 1726 domni
1508 1659 1629 1743 gisulfi
1654 1659 1778 1724 eximii
1803 1657 1978 1744 principis
2005 1661 2041 1725 et
2071 1658 2170 1725 ducis

321 1813 388 1879 filii
404 1813 504 1890 eiua,
530 1831 650 1880 mense
667 1813 805 1899 aprilis,
824 1811 932 1882 tertia
948 1813 1158 1881 indictione.
1185 1811 1478 1882 llemoratorium
1503 1813 1638 1879 factum
1655 1831 1677 1878 a
1694 1831 1749 1878 me
1767 1812 1953 1878 leccardus
1970 1811 2041 1877 filio
2059 1832 2168 1898 quon-

322 1967 403 2034 dam
422 1967 516 2032 leoni
533 1969 690 2033 abitator
715 1967 758 2034 de
774 1970 892 2034 locum
910 1969 1067 2045 nucerie,
1095 1969 1155 2035 ubi
1169 1969 1317 2035 malloni
1335 1968 1480 2068 dicitur,
1506 1986 1546 2032 eo
1561 1967 1653 2052 quod
1667 1969 1751 2033 ante
1767 1967 1961 2052 subscripti
1987 1969 2094 2032 testes
2112 1986 2172 2053 per

323 2123 621 2190 combenientiam
646 2124 692 2190 ad
716 2124 937 2200 tenendum,
967 2127 1003 2190 et
1026 2124 1263 2190 laborandum
1287 2123 1438 2190 tradidit
1461 2121 1550 2188 milri
1577 2123 1783 2206 ltolegrimo
1808 2141 1923 2189 comes
1948 2123 2039 2188 lilius
2064 2141 2174 2206 quou-

322 2277 403 2344 dam
429 2278 622 2345 landenolfi
645 2279 785 2344 comitis
810 2280 879 2344 due
903 2278 1002 2365 pecie
1027 2279 1069 2344 de
1095 2282 1191 2344 torre
1216 2297 1297 2343 cum
1322 2277 1461 2343 arbusti
1489 2277 1634 2351 bitatis,
1670 2276 1862 2362 quodipse
1887 2295 2004 2342 comes
2028 2279 2113 2342 91191
2139 2277 2175 2341 111
2260 2327 2261 2330 ,

324 2432 398 2516 ipso
424 2433 540 2497 locum
567 2433 727 2508 malleni,
747 2433 838 2518 quod
864 2433 907 2498 de
931 2397 1015 2498 ante
1039 2451 1077 2498 os
1102 2451 1214 2498 annos
1240 2432 1285 2498 ad
1309 2431 1546 2528 laborandum
1572 2431 1689 2496 tenuit
1713 2429 1902 2496 concilium
1928 2430 2106 2514 presbiter
2124 2449 2178 2495 so-

323 2605 403 2651 cero
427 2605 527 2652 meus
551 2588 588 2651 91
611 2587 707 2652 iilius
733 2586 912 2672 quondam
934 2638 1129 2652 ......
1159 2587 1281 2652 Prima
1305 2549 1494 2670 peciaper
1518 2602 1557 2649 as
1574 2585 1661 2650 fines
1686 2587 1721 2649 et
1746 2603 1929 2652 mensuras
1954 2585 2044 2650 iusto
2063 2602 2167 2667 passu

323 2740 479 2805 hominis
504 2744 761 2806 mensuratum:
780 2743 825 2806 ab
849 2739 988 2804 oriente
1012 2739 1107 2824 passi
1132 2739 1287 2824 triginta
1311 2739 1379 2804 duo
1404 2741 1441 2803 91
1465 2738 1633 2804 medium:
1653 2757 1674 2802 a
1698 2737 1847 2803 meridie
1872 2739 1966 2822 passi
1983 2738 2172 2822 sexaginta

322 2910 399 2958 sex:
418 2912 440 2957 a
464 2892 718 2977 septemtrione
743 2893 838 2976 passi
862 2893 1067 2976 sexaginta:
1086 2894 1131 2958 ab
1154 2893 1339 2958 occidente
1363 2895 1459 2978 passi
1486 2893 1638 2976 triginta
1665 2895 1833 2977 quatuor.
1860 2894 1938 2976 lpsa
1963 2893 2037 2956 alia
2061 2896 2173 2980 pecta:

322 3065 343 3110 a
360 3047 615 3130 septemtrione
633 3048 703 3111 line
722 3065 801 3112 mea
818 3049 854 3111 et
871 3046 967 3131 passi
983 3046 1139 3131 triginta
1155 3048 1296 3112 nobem:
1322 3019 1367 3112 ab
1384 3045 1525 3110 oriente
1550 3041 1716 3111 similiter
1734 3045 1803 3109 fine
1821 3065 1899 3110 moa
1918 3049 1955 3110 et
1971 3049 2064 3130 passi
2089 3099 2095 3111 .
2116 3098 2122 3109 .
2142 3100 2146 3110 .
2168 3101 2174 3112 .

323 3203 359 3264 et
382 3203 541 3266 cubitum
569 3218 727 3266 unum:a
750 3201 900 3266 meridie
925 3200 1019 3283 passi
1045 3199 1199 3285 triginta
1223 3199 1305 3275 duo,
1333 3201 1369 3264 et
1393 3199 1524 3266 abinde
1548 3200 1737 3265 salientem
1763 3199 1857 3282 passi
1882 3199 2042 3275 sidecim,
2063 3219 2173 3286 usque

323 3355 548 3440 aliquantum
572 3355 715 3422 abiente
740 3375 804 3442 per
828 3356 896 3421 dne
920 3355 1079 3432 landoni,
1097 3360 1195 3440 passi
1219 3353 1417 3432 duodecim;
1442 3357 1488 3420 ab
1512 3355 1696 3420 occidente
1719 3355 1788 3421 sme
1815 3355 1883 3429 bia,
1903 3355 1998 3438 passi
2023 3357 2177 3440 quadra-

322 3507 425 3592 ginta
449 3527 512 3574 sex
538 3529 647 3595 usque
672 3509 718 3576 ad
742 3510 812 3576 line
838 3513 972 3576 nostra.
999 3512 1111 3576 Ambe
1127 3470 1202 3594 ipse
1226 3510 1326 3595 pecie
1351 3510 1394 3575 de
1412 3513 1513 3574 terra
1538 3527 1601 3594 per
1626 3508 1815 3574 iamdictos
1838 3509 1924 3574 fines
1942 3513 1977 3574 et
1990 3528 2176 3576 mensuras

249 3619 251 3623 v
319 3662 406 3728 milri
421 3663 465 3728 ad
481 3663 715 3729 laborandum
744 3667 819 3748 ipse
836 3662 1031 3747 rolegrimo
1056 3681 1171 3729 comes
1197 3663 1344 3739 tradidi,
1361 3663 1428 3730 tali
1446 3663 1611 3738 hordine,
1641 3665 1681 3727 ut
1698 3663 1825 3728 amodo
1849 3665 1886 3728 et
1902 3681 2054 3756 semper,
2073 3667 2174 3730 natos

318 3819 517 3891 nascentes,
543 3815 589 3883 ad
613 3835 694 3882 mea
717 3820 753 3883 et
777 3816 820 3882 de
844 3815 932 3883 meis
957 3815 1123 3881 eredibus
1147 3817 1240 3882 esset
1264 3819 1442 3902 potestate
1466 3817 1558 3882 illud
1583 3815 1780 3904 tenendum
1805 3817 1842 3881 et
1866 3812 2116 3893 laborandum,
2139 3821 2175 3884 et

240 4059 241 4062 Ἴ
317 3969 432 4035 omnis
457 3971 578 4036 nostre
602 3968 772 4036 utilitatis
796 3968 890 4036 iusta
915 3969 1056 4036 ratione
1081 3969 1132 4035 ibi
1157 3969 1363 4044 faciamus,
1390 3970 1526 4055 etipse
1552 3971 1702 4036 arbustu
1727 3968 1770 4034 de
1794 3986 1902 4053 super
1926 3971 1962 4034 91
1985 3969 2028 4034 de
2052 3971 2174 4035 subter

317 4124 399 4188 abto
423 4125 583 4208 tempore
607 4123 811 4190 laboremus
836 4125 873 4189 et
896 4123 1085 4200 cultemus,
1103 4125 1139 4189 et
1164 4123 1256 4190 unde
1281 4123 1458 4190 meruerit
1482 4141 1548 4208 per
1573 4122 1649 4206 ipso
1674 4123 1838 4196 arbusta
1858 4123 2005 4188 arbores
2021 4124 2058 4187 et
2082 4122 2172 4188 bites

317 4276 449 4370 ibidem
473 4278 676 4362 plantemus
701 4281 738 4344 et
760 4283 978 4364 propagines
1002 4281 1185 4354 traamus‚
1213 4282 1250 4345 et
1275 4280 1389 4344 totum
1413 4277 1505 4343 illud
1529 4277 1733 4342 laboremus
1758 4279 1794 4340 et
1817 4275 1991 4356 cultemus
2019 4277 2163 4350 bonum,

317 4433 357 4498 ut
379 4449 519 4516 semper
543 4432 581 4498 in
605 4433 735 4500 melius
759 4433 923 4518 proficiat
938 4437 974 4499 et
992 4453 1062 4500 non
1086 4432 1306 4518 dispereant,
1326 4435 1362 4498 91
1386 4434 1516 4498 bonum
1540 4415 1675 4515 paread
1698 4431 1914 4506 laboratum,
1929 4432 1966 4496 et
1982 4429 2171 4505 cultatum,

316 4587 352 4651 et
374 4587 574 4678 operatum,
601 4589 639 4652 91
660 4585 812 4664 clusum;
839 4590 876 4653 et
898 4605 962 4672 per
987 4590 1146 4672 tempore
1170 4587 1213 4653 de
1239 4585 1431 4662 vindemie,
1458 4585 1602 4672 quando
1627 4582 1813 4660 meruerit,
1832 4601 1898 4667 ego
1923 4584 1959 4646 et
1983 4599 2080 4648 meos
2096 4599 2173 4647 ere·

316 4739 377 4807 des
400 4742 575 4809 faciamus
598 4742 691 4809 scire
714 4743 830 4828 ipsum
856 4743 1089 4828 rolegrimum
1113 4745 1150 4808 91
1173 4719 1417 4818 9199919199,
1437 4743 1477 4806 ut
1500 4738 1634 4810 ibidem
1657 4736 1801 4834 dirigad
1825 4736 1973 4803 missum
1997 4754 2113 4812 suum,
2129 4739 2166 4802 et

316 4914 381 4981 ego
406 4898 442 4962 et
467 4913 562 4963 meos
585 4896 735 4964 heredes
758 4900 873 4964 totum
898 4896 991 4963 illud
1014 4895 1293 4974 bindemiemus,
1320 4898 1357 4962 et
1379 4914 1485 4981 poma
1508 4893 1639 4961 exinde
1662 4893 1890 4978 colligamus,
1916 4893 1953 4958 et
1976 4889 2092 4958 omnis
2116 4891 2167 4957 vi-

219 5139 224 5148 ·
316 5067 401 5115 num
425 5052 461 5116 et
483 5069 589 5135 poma
611 5049 742 5118 exinde
765 5051 885 5136 ibique
909 5049 955 5116 ad
978 5051 1202 5136 palmentum
1226 5069 1307 5117 cum
1332 5053 1449 5136 ipsum
1473 5047 1619 5119 missum
1644 5066 1749 5118 sunm
1773 5046 1976 5114 dibidamus
2000 5063 2064 5131 per
2088 5063 2160 5112 me-

327 5404 628 5420 —ss-

356 5523 382 5605 ¹)
403 5523 495 5584 quta
516 5523 759 5601 chronologiam
780 5522 960 5582 institutam
980 5535 1075 5596 super
1096 5514 1293 5576 Cavensibus
1315 5513 1519 5576 Documentis
1541 5534 1560 5576 a
1582 5515 1743 5577 Salvatore
1765 5518 1803 5579 de
1820 5519 1948 5589 Blasio;
1972 5519 2028 5580 sed
2051 5520 2172 5582 rectius

316 5635 413 5699 scribi
432 5635 563 5701 deberet
583 5636 635 5696 hic
656 5639 688 5696 et
707 5632 917 5713 sequentibus
939 5630 1067 5692 Chartis
1088 5647 1170 5689 anno
1193 5645 1309 5696 119119;,
1344 5626 1420 5704 quia
1441 5625 1585 5688 Gisulfus
1606 5627 1667 5688 suit
1687 5628 1867 5711 assumptus
1889 5632 1929 5693 ad
1949 5631 2167 5712 principatum

319 5755 457 5830 epatre,
480 5746 674 5818 ann01042,
696 5747 804 5808 Mense
826 5718 953 5806 Martid.
