5454 7104
601 473 676 544 tto
1275 479 1451 555 CODEX
1495 479 1754 556 CAVENSIS

553 667 650 732 ctum
675 672 841 753 paratum
865 671 956 739 detis
980 673 1064 741 inde
1089 675 1133 742 ad
1150 677 1369 761 palmentum
1394 675 1537 744 tertiam
1562 695 1658 763 pars,
1673 678 1709 744 et
1732 674 1775 742 de
1798 674 1895 742 omni
1913 677 2017 760 fruge
2033 674 2178 740 tertiam
2202 691 2284 760 pars
2302 671 2398 737 vobis

553 819 757 909 vestrisque
782 825 972 896 heredibus
996 830 1159 898 habeatis
1190 830 1320 899 exinde
1343 831 1418 916 ipse
1442 829 1510 896 due
1541 829 1642 897 serti.
1669 831 1713 896 nt
1744 829 1868 897 amodo
1890 791 1927 895 et
1949 846 2089 914 semper
2112 845 2185 895 nos
2208 825 2410 912 nostrisque

552 974 817 1058 posterioribus,
832 981 869 1045 et
891 999 975 1066 pars
1000 984 1152 1070 predicti
1176 985 1384 1053 monasterii
1408 985 1630 1054 defensemus
1653 983 1751 1052 vobis
1779 982 1977 1070 vestrisque
2000 981 2195 1049 heredibus
2219 983 2330 1047 cunta
2352 997 2409 1046 su-

549 1125 714 1212 pradicta
738 1131 839 1214 pecia
862 1131 906 1199 de
922 1135 1023 1202 terra
1047 1135 1093 1203 da
1115 1137 1229 1204 omnis
1253 1139 1411 1206 humana
1435 1131 1587 1224 persona
1615 1157 1696 1206 cum
1721 1137 1841 1205 omnia
1865 1137 1964 1204 intra
1986 1154 2024 1204 se
2044 1133 2258 1202 habentibus
2280 1135 2317 1200 et
2331 1132 2407 1200 vice

547 1279 591 1345 de
616 1280 694 1349 viis.
723 1285 810 1351 Nam
834 1286 865 1354 si
889 1288 977 1373 ipsis
1004 1290 1090 1358 inde
1113 1291 1255 1368 exierit,
1281 1295 1318 1358 et
1341 1293 1486 1380 eiusque
1511 1292 1703 1377 heredibus
1726 1289 1828 1358 exire
1852 1287 2016 1364 voluerit,
2041 1287 2226 1356 licentiam
2251 1289 2407 1355 habeant

548 1453 631 1502 curn
656 1439 778 1508 omnia
803 1459 869 1508 sua
893 1443 1050 1518 mobilia,
1076 1447 1113 1511 et
1136 1448 1274 1532 periere
1299 1447 1385 1516 hubi
1410 1447 1576 1516 voluerit.
1604 1446 1701 1515 Etsi
1724 1465 1834 1534 nsque
1858 1448 1931 1512 tres
1955 1463 2065 1512 annos
2091 1444 2222 1512 iterum
2246 1441 2402 1510 hividem

507 1671 515 1688 ι
549 1587 686 1656 tuerint
710 1592 874 1669 rebersis,
903 1595 1016 1681 igitur
1040 1597 1118 1683 ipsa
1142 1599 1302 1667 clusuria
1318 1575 1510 1688 eorumque
1528 1600 1678 1667 heredes
1702 1600 1826 1668 redeat
1849 1598 2016 1686 potestati
2042 1597 2079 1664 in
2094 1597 2300 1684 supradicta
2317 1596 2405 1663 ratio

546 1743 637 1811 illud
662 1747 876 1814 habendum.
904 1749 1000 1825 Quod
1025 1751 1053 1819 si
1080 1753 1203 1820 taliter
1225 1758 1290 1820 etc.
1319 1755 1441 1820 Posito
1464 1755 1674 1840 fideiussore
1703 1755 1794 1820 Urso
1816 1753 1891 1838 filio
1914 1753 2096 1837 quomam
2114 1753 2287 1819 Iohannis
2302 1753 2405 1817 rinno

543 1897 685 1964 deloco
710 1901 850 1968 Ancilla
868 1903 951 1986 Dct;
967 1907 1106 1972 statuto
1130 1911 1181 1972 est
1198 1907 1332 1974 rrcrctcto
1347 1907 1479 1990 oiptntc‘
1502 1906 1699 1972 solidornm
1722 1905 1810 1972 ouri
1824 1907 2217 1973 constantinaonornm.
2244 1907 2288 1972 m
2311 1906 2403 1971 hunc
2464 1869 2466 1874 Ι

546 2053 691 2118 brebem
715 2056 842 2142 scripsi
866 2075 933 2143 ego
956 2059 1085 2128 landus
1109 2061 1285 2146 presbiter
1308 2064 1345 2127 et
1369 2059 1545 2134 notarium
1573 2062 1674 2127 actus
1697 2059 1840 2127 Gilenti.

590 2203 618 2294 †
642 2207 715 2292 Ego
742 2229 831 2278 urso.

591 2354 619 2445 †
643 2360 717 2444 Ego
741 2361 915 2432 mirando.

1335 2843 1597 2926 MCXLV

1326 3156 1387 3231 A.
1415 3153 1470 3228 D.
1501 3152 1626 3230 1050

586 3443 614 3536 †
639 3447 679 3512 ln
703 3445 843 3514 nomine
867 3446 1018 3515 domini.
1046 3448 1234 3518 Tricesimo
1259 3449 1365 3518 tertio
1381 3411 1482 3517 'anno
1507 3449 1730 3536 principatus
1752 3447 1871 3516 domni
1894 3446 2006 3514 nostri
2037 3445 2230 3532 Guaymari
2244 3444 2398 3512 Glorioso

541 3599 726 3686 principe,
753 3603 790 3668 et
813 3565 1017 3672 duodecimo
1042 3623 1136 3672 anno
1160 3605 1310 3672 ducatus
1333 3607 1410 3671 eius
1434 3602 1555 3672 amalfi
1579 3605 1615 3668 et
1637 3599 1821 3687 syrrenti,
1847 3603 1884 3668 et
1906 3620 1998 3669 nono
2022 3617 2116 3668 anno
2140 3599 2399 3687 suprascripto-

544 3775 624 3821 rum
648 3753 914 3841 principatuum
939 3759 975 3823 et
997 3757 1190 3825 ducatuum
1214 3758 1334 3826 domni
1357 3757 1477 3844 gisulfi
1500 3756 1577 3825 eius
1592 3754 1657 3824 filii
1680 3755 1805 3824 eximii
1828 3754 2002 3843 principis
2024 3757 2061 3822 et
2085 3754 2179 3830 duci,
2197 3771 2317 3822 mense
2339 3772 2400 3820 no·

547 3911 719 3988 bember,
746 3919 875 3997 quarta
897 3911 1103 3980 indictione.
1130 3913 1415 3982 Memoratorium
1439 3915 1572 3981 facturn
1598 3932 1620 3980 a
1644 3931 1700 3980 me
1723 3911 1895 3979 iohannes
1918 3913 2028 3979 abbas
2052 3909 2261 3979 monasterii
2283 3907 2398 3976 sancti

542 4061 778 4150 archangeli,
805 4065 897 4152 quod
921 4065 1030 4134 situm
1054 4067 1169 4136 estin
1193 4087 1293 4136 mons
1316 4068 1434 4136 coraci
1457 4067 1501 4135 de
1525 4067 1682 4143 nitente,
1708 4065 1858 4134 tradidit
1881 4069 1987 4152 atque
2012 4063 2134 4132 remisi
2157 4063 2257 4132 bobis
2279 4064 2398 4132 nicola

541 4215 580 4281 et
602 4214 659 4283 leo
682 4217 876 4303 germanis,
903 4220 940 4286 et
961 4221 1045 4289 tiliis
1070 4221 1248 4309 quondam
1270 4222 1368 4309 sergi
1391 4223 1511 4298 faber,
1537 4221 1605 4288 due
1629 4219 1728 4308 pecie
1752 4219 1795 4287 de
1818 4221 1916 4286 terre
1940 4219 1979 4287 in
2002 4220 2105 4296 loco,
2132 4218 2192 4287 ubi
2215 4217 2399 4306 halopetri

542 4365 689 4446 dicitur,
716 4371 820 4439 rebus
843 4372 995 4458 predicti
1020 4375 1227 4442 monasterii
1251 4375 1296 4443 ad
1319 4374 1570 4462 pastinationis
1594 4371 1756 4450 hordine,
1782 4373 1866 4440 nato
1890 4372 2092 4449 nesciente,
2119 4371 2157 4439 in
2179 4371 2293 4440 tertia
2316 4391 2398 4458 pars

540 4541 606 4609 per
631 4526 696 4592 has
721 4543 901 4594 mensura:
926 4529 1119 4616 incipiente
1144 4530 1189 4598 da
1213 4549 1283 4598 uno
1306 4529 1461 4608 riatello,
1487 4527 1581 4596 sicut
1603 4526 1703 4594 vadit
1725 4545 1748 4594 a
1771 4543 1855 4614 pars
1878 4511 2049 4602 orientis,
2076 4525 2168 4618 quod
2192 4528 2246 4594 est
2269 4525 2313 4593 de
2336 4543 2394 4592 su-

540 4696 619 4762 per,
646 4683 730 4746 sunt
754 4681 849 4767 passi
873 4681 1027 4768 triginta
1050 4685 1087 4750 et
1110 4683 1269 4751 cubitum
1292 4685 1427 4752 hunum
1452 4684 1489 4750 ct
1511 4681 1629 4769 palmo
1655 4699 1736 4756 uno;
1762 4681 1799 4746 et
1822 4679 2055 4746 descendente
2079 4697 2102 4746 a
2125 4697 2205 4766 pars
2229 4679 2389 4754 meridie,

538 4834 626 4898 sunt
649 4835 746 4920 passi
771 4833 1015 4921 quadraginta
1037 4854 1101 4904 sex
1126 4839 1162 4904 et
1184 4837 1305 4904 cubita
1328 4832 1398 4903 dua
1421 4838 1457 4903 et
1480 4835 1598 4920 palmo
1622 4833 1730 4899 huno:
1755 4830 1799 4898 de
1822 4832 1945 4918 supter
1967 4848 1990 4898 a
2013 4847 2097 4918 pars
2120 4831 2326 4910 occidentis,
2352 4831 2399 4898 si·

541 4989 603 5054 cut
626 4987 726 5054 badit
751 5007 860 5076 usque
884 4989 922 5057 in
945 5009 1010 5058 ora
1033 4991 1109 5077 ipso
1132 4990 1186 5058 rio
1208 4992 1292 5059 sunt
1314 4991 1409 5077 passi
1433 4989 1648 5078 quindecim,
1675 4990 1769 5057 mino
1794 4989 1917 5058 cubito
1944 5008 2025 5066 uno,
2051 4991 2088 5056 et
2110 4989 2324 5058 ascendente
2346 5007 2400 5058 se-

537 5156 605 5205 cus
628 5138 703 5226 ipso
728 5140 794 5216 rio,
820 5141 914 5209 unde
938 5161 1033 5230 aqua
1057 5143 1138 5212 viva
1161 5143 1332 5222 decurrit,
1350 5144 1443 5230 quod
1467 5145 1566 5214 esta
1588 5161 1673 5231 pars
1697 5141 1975 5230 septemtrionis,
2000 5144 2037 5210 et
2058 5143 2251 5230 coniunget
2274 5143 2312 5210 in
2328 5142 2399 5230 pri-

541 5311 600 5358 ma
623 5292 722 5370 fine,
748 5297 832 5360 sunt
855 5295 987 5364 exinde
1010 5298 1106 5384 passi
1129 5297 1372 5385 quadraginta
1394 5317 1457 5366 sex
1482 5299 1528 5368 ad
1552 5299 1644 5367 iusto
1669 5315 1787 5385 passu.
1830 5298 1875 5363 Et
1900 5295 1980 5384 ipsa
2002 5297 2076 5365 alia
2099 5297 2200 5384 pecia
2233 5297 2277 5366 de
2300 5301 2398 5366 terra

538 5445 624 5510 abet
647 5463 686 5512 as
711 5401 904 5526 mensura,
930 5449 1023 5519 sicut
1046 5451 1229 5519 descendit
1252 5451 1326 5539 ipso
1351 5453 1417 5530 rio,
1441 5471 1463 5521 a
1488 5470 1571 5540 pars
1596 5451 1744 5520 meridie
1779 5453 1862 5518 abet
1888 5469 2009 5538 passos
2032 5451 2293 5540 quinquaginta
2316 5474 2396 5526 uno,

539 5597 577 5662 et
600 5595 749 5664 dimittit
773 5597 848 5686 ipso
871 5600 936 5678 rio,
955 5609 991 5668 et
1016 5601 1114 5669 hadit
1138 5621 1160 5670 a
1183 5621 1267 5690 pars
1289 5603 1496 5678 occidentis,
1522 5606 1607 5671 sunt
1629 5602 1759 5671 exinde
1790 5603 1886 5690 passi
1909 5603 2040 5690 viginti
2062 5607 2210 5692 septem,
2228 5609 2264 5672 et
2287 5609 2400 5684 rebel-

540 5752 643 5816 rente
667 5770 689 5818 a
713 5771 796 5838 pars
818 5755 1105 5840 septemtrione,
1130 5760 1167 5823 et
1189 5757 1402 5823 ascendente
1428 5761 1464 5824 et
1489 5755 1715 5825 traversante
1740 5752 1776 5824 in
1800 5771 1887 5841 pars
1911 5755 2060 5823 orientis
2086 5776 2196 5845 usque
2220 5759 2257 5828 in
2281 5761 2398 5846 prima
