5398 7106
627 486 700 560 ato
1158 441 1163 452 ’
1266 481 1447 556 couux
1481 480 1745 556 navensis

579 679 749 780 ec'ttnis:
784 681 939 764 Aparte
964 677 1111 746 meridie
1133 679 1204 745 tine
1228 679 1287 748 bia
1309 676 1452 764 publica
1486 675 1581 763 passi
1619 674 1830 743 duodecim:
1870 695 1893 744 a
1922 679 2025 762 parte
2054 675 2247 744 occidentis
2293 677 2361 742 tine
2385 673 2429 740 de

578 833 701 900 eredes
724 831 818 919 petri
856 829 978 898 clerici
1002 833 1038 898 et
1062 831 1217 907 notarii,
1258 829 1341 897 inde
1378 829 1473 916 passi
1511 833 1654 897 eentum
1691 827 1863 897 sideeim:
1889 832 2030 915 aparte
2060 827 2324 898 sebtemtrionis
2347 827 2429 896 inde

578 987 673 1072 passi
708 985 838 1074 biginti
874 989 980 1054 octo:
1020 1006 1042 1053 a
1080 990 1183 1073 parte
1220 985 1369 1054 orientis
1391 986 1461 1052 tine
1485 987 1633 1060 nostra,
1674 961 1756 1050 iude
1795 983 1890 1070 passi
1928 982 2192 1070 quinquaginta
2231 985 2427 1071 quattuor,

578 1140 716 1209 revolbi
739 1140 777 1210 in
800 1143 900 1228 parte
923 1139 1117 1208 occidentis
1140 1140 1224 1208 inde
1247 1139 1343 1226 passi
1368 1141 1520 1214 nobem,
1561 1139 1598 1203 et
1635 1095 1716 1203 inde
1755 1137 1961 1203 revolbente
2000 1135 2037 1202 in
2062 1154 2145 1223 pars
2183 1136 2331 1206 meridie
2367 1155 2431 1222 per

577 1295 656 1382 ipsa
677 1296 747 1362 tine
771 1297 893 1364 nostra
916 1299 953 1362 et
990 1297 1228 1381 coniungente
1252 1311 1290 1361 se
1320 1294 1399 1380 ipsa
1424 1292 1484 1361 bia
1507 1295 1631 1379 priora
1660 1292 1729 1358 fine
1760 1291 1843 1358 inde
1867 1291 1963 1377 passi
1987 1290 2252 1378 quinquaginta
2291 1293 2428 1366 nobem,

578 1452 655 1534 ipsa
678 1449 780 1534 pecia
802 1448 849 1516 da
871 1429 1020 1536 gorgite
1036 1469 1102 1536 per
1125 1469 1165 1516 ec
1188 1450 1293 1517 finis:
1330 1451 1486 1534 Aparte
1509 1447 1658 1515 orientis
1680 1447 1750 1513 tlne
1783 1447 1841 1513 bia
1863 1445 1958 1531 passi
1993 1444 2235 1532 quadraginta
2271 1447 2427 1512 treszst

577 1605 680 1688 parte
703 1601 851 1669 meridie
874 1603 943 1669 tine
967 1607 1100 1680 nostra,
1127 1604 1209 1671 inde
1233 1605 1327 1688 passi
1350 1601 1561 1688 octuaginta
1584 1602 1680 1668 duo:
1721 1603 1873 1687 aparte
1896 1599 2091 1667 occidentis
2130 1601 2225 1685 passi
2248 1617 2312 1666 sex
2342 1603 2423 1670 eta

578 1758 682 1841 parte
704 1754 965 1842 septemtrionis
989 1757 1084 1842 passi
1106 1757 1265 1832 sidecim,
1294 1756 1428 1823 revolbi
1453 1759 1490 1822 in
1513 1755 1592 1841 ipsa
1615 1757 1718 1842 parte
1741 1753 2016 1830 septemtrionis,
2053 1753 2135 1820 iude
2159 1753 2253 1839 passi
2277 1752 2430 1838 triginta

581 1913 731 1986 nobem,
772 1913 809 1976 et
832 1909 914 1976 inde
939 1911 1144 1977 revolbente
1169 1910 1204 1976 in
1229 1913 1331 1996 parte
1355 1909 1505 1976 orientis
1529 1910 1565 1974 et
1588 1907 1826 1994 coniungente
1849 1926 1886 1974 se
1912 1926 2022 1994 usque
2056 1907 2092 1973 in
2117 1907 2195 1993 ipsa
2227 1906 2286 1973 bia
2308 1905 2433 1992 priora

580 2063 649 2129 tlne
673 2063 768 2149 passi
791 2063 1001 2150 octuaginta
1024 2063 1095 2130 dui.
1120 2064 1198 2149 ipsa
1222 2063 1324 2148 pecia
1346 2062 1393 2128 da
1416 2065 1560 2148 pratum
1584 2080 1649 2148 per
1672 2081 1711 2129 ec
1734 2061 1814 2129 finis
1838 2063 1875 2127 et
1898 2060 2091 2128 mensuria:
2112 2080 2133 2124 a
2156 2063 2258 2147 parte
2280 2059 2430 2126 orientis

580 2215 661 2292 fine,
686 2211 779 2282 sicut
802 2215 915 2283 limite
938 2215 1110 2292 dixernit‚
1135 2215 1217 2284 inde
1242 2216 1337 2302 passi
1362 2215 1524 2283 undecim
1548 2217 1585 2282 ct
1610 2215 1777 2282 medium:
1803 2219 1943 2302 aparte
1967 2214 2116 2282 meridie
2139 2215 2209 2281 fine
2231 2214 2275 2280 de
2292 2231 2433 2280 consor-

580 2367 675 2435 tibus
699 2367 829 2436 nostris
853 2369 1216 2456 passiquadraginta
1239 2373 1321 2437 trex
1345 2373 1380 2437 et
1403 2370 1556 2437 medium
1578 2391 1585 2434 :
1611 2371 1641 2434 A
1666 2370 1767 2454 parte
1791 2367 1983 2435 occidentis
2006 2368 2075 2433 fine
2104 2371 2227 2434 nostra
2249 2367 2344 2452 passi
2369 2385 2433 2433 un-

579 2521 706 2588 decim:
732 2523 868 2591 rcvolbi
894 2527 928 2590 in
953 2527 1055 2610 parte
1078 2521 1225 2592 orientis
1249 2523 1345 2610 passi
1369 2524 1430 2590 dui
1455 2525 1492 2590 et
1515 2522 1695 2590 medium:
1731 2521 1865 2589 revolbi
1890 2523 1928 2589 in
1952 2524 2052 2606 parte
2076 2520 2341 2588 sebtemtrionis
2364 2539 2430 2606 per

581 2675 650 2740 tine
675 2677 796 2742 nostra
819 2675 902 2742 inde
926 2675 1019 2760 passi
1043 2674 1195 2760 triginta
1219 2677 1313 2751 trax:
1332 2677 1369 2741 et
1392 2673 1474 2741 inde
1499 2673 1634 2741 revolbi
1657 2673 1695 2740 in
1719 2677 1821 2759 parte
1844 2674 1992 2740 orientis
2017 2693 2080 2760 per
2097 2674 2166 2740 dne
2192 2673 2252 2740 bia
2267 2675 2431 2738 comben-

581 2827 694 2894 tiaria
716 2826 799 2895 inde
823 2829 917 2914 passi
942 2828 1062 2895 decem
1087 2831 1123 2894 et
1146 2831 1307 2894 sebtem:
1341 2830 1378 2893 et
1402 2827 1484 2893 inde
1507 2827 1643 2894 revolbi
1667 2827 1704 2893 in
1729 2829 1832 2912 parte
1857 2827 2006 2894 meridie
2029 2829 2111 2902 fine,
2140 2826 2234 2894 sicut
2256 2825 2339 2892 inde
2363 2828 2432 2892 ter-

580 2979 767 3058 minatum,
786 2981 868 3048 inde
884 2982 979 3067 passi
1003 2981 1155 3068 triginta
1180 2985 1273 3048 trex:
1300 2983 1337 3047 et
1361 2981 1491 3047 iterum
1518 2980 1653 3047 revolbi
1676 2981 1892 3069 inpartibus
1915 2981 2064 3048 orientis
2088 2984 2125 3047 et
2141 2979 2381 3065 coniungente
2396 2997 2433 3045 se

582 3153 695 3222 usque
718 3138 757 3202 at
780 3134 901 3220 priora
924 3137 992 3204 tine
1017 3135 1098 3202 inde
1123 3134 1216 3222 passi
1241 3133 1370 3220 biginti
1395 3153 1504 3201 unum
1528 3137 1565 3200 et
1590 3135 1755 3201 medium.
1798 3137 1873 3201 tota
1895 3135 2141 3221 suprascripta
2167 3136 2272 3226 rebus
2296 3149 2434 3200 mensu-

581 3292 664 3356 rata
687 3288 753 3356 fuit
769 3292 809 3356 at
824 3289 925 3356 iuxto
950 3308 1055 3376 passu
1079 3288 1219 3356 ominis.
1245 3307 1285 3355 ec
1309 3307 1393 3355 vcro
1417 3288 1659 3374 suprascribta
1683 3291 1853 3374 quattuor
1868 3275 1967 3374 pecie
1982 3289 2025 3354 de
2043 3287 2151 3355 terris
2175 3307 2239 3374 per
2256 3285 2433 3354 iamdictis

581 3441 680 3518 locis,
700 3443 739 3506 ut
753 3441 917 3528 superius
940 3441 1086 3527 legitur,
1104 3460 1168 3528 per
1191 3443 1267 3528 ipse
1291 3441 1480 3509 iamdictas
1502 3441 1583 3508 fluis
1599 3443 1636 3508 et
1651 3441 1863 3517 memorias,
1882 3441 2045 3508 inclitam
2063 3461 2168 3509 unam
2194 3441 2340 3508 tertiam
2353 3459 2434 3526 par-

581 3598 653 3660 tem
677 3594 745 3681 ipsi
769 3597 884 3663 mater
908 3599 944 3662 et
966 3595 1050 3662 tiliis
1074 3595 1173 3662 nobis
1196 3595 1346 3680 obligati
1368 3597 1453 3662 sunt
1475 3614 1540 3681 per
1562 3596 1720 3662 levorem
1744 3595 1787 3662 de
1812 3595 1880 3682 ipsi
1903 3595 1989 3662 atrii
2013 3615 2093 3663 cum
2128 3596 2250 3663 omnia
2274 3595 2372 3662 iufra
2396 3615 2433 3662 se

581 3751 728 3816 attentes
751 3749 891 3816 etcum
916 3750 994 3816 bice
1018 3750 1062 3818 de
1086 3750 1142 3817 bie
1164 3767 1227 3816 sue
1251 3701 1317 3816 tali
1340 3748 1514 3826 ordinem,
1530 3752 1571 3815 ut
1593 3749 1718 3817 amodo
1740 3751 1778 3815 et
1794 3767 1904 3836 usque
1927 3751 2062 3817 duobus
2087 3748 2176 3817 anni
2199 3749 2366 3836 completi
2382 3751 2434 3816 in·

581 3899 692 3966 troire
715 3901 860 3986 integra
882 3903 961 3988 ipsa
984 3903 1151 3971 tradictio
1175 3902 1267 3989 quod
1291 3905 1345 3969 est
1360 3901 1509 3974 tertiam,
1518 3903 1657 3987 partem
1682 3901 1725 3968 de
1748 3905 1824 3968 tota
1839 3903 2081 3990 suprascripta
2097 3902 2292 3982 mensuria‚
2312 3907 2434 3971 nostre

581 4053 767 4138 potestatis
790 4053 873 4121 illut
896 4057 1064 4123 abeamus
1088 4058 1125 4121 et
1149 4057 1362 4132 lavoremus‚
1388 4057 1487 4123 tobee
1510 4058 1547 4122 et
1569 4055 1682 4122 omnis
1707 4058 1825 4122 nostre
1851 4055 2020 4124 utilitatis
2044 4057 2151 4126 iuxta
2175 4060 2349 4125 rationem
2364 4057 2430 4126 ibi-

586 4204 666 4272 dem
691 4204 876 4282 faciamus,
902 4205 1009 4274 sicuti
1033 4205 1174 4272 iuxtum
1199 4205 1317 4284 tuerit3
1344 4209 1380 4273 et
1403 4207 1564 4295 quicquit
1588 4211 1735 4294 frugens
1758 4209 1851 4296 quod
1875 4210 1959 4278 inde
1983 4211 2111 4278 tollere
2135 4210 2366 4296 potuerimus,
2382 4211 2437 4278 in-

581 4358 707 4426 clitum
731 4359 815 4426 illut
838 4359 938 4428 uobis
962 4361 1132 4428 abeamus
1156 4361 1356 4428 faciendum
1380 4363 1473 4449 quod
1497 4363 1725 4440 volucrimus
1740 4366 1779 4430 at
1802 4367 1976 4449 completo
2000 4364 2075 4450 ipso
2099 4364 2331 4432 constitutum
2346 4367 2436 4433 obli·

582 4513 762 4598 gaberunt
785 4511 891 4598 seipsi
915 4515 1032 4579 mater
1055 4515 1092 4579 et
1114 4512 1198 4579 filiis
1223 4513 1360 4580 retdere
1384 4515 1483 4580 nobis
1508 4514 1707 4602 nostrisque
1731 4515 1892 4582 eredibus
1927 4516 1970 4582 de
1994 4517 2119 4602 propia
2154 4515 2299 4582 illorum
2323 4535 2434 4586 causa

582 4663 647 4731 alii
671 4664 936 4752 quinquaginta
959 4665 1040 4732 auri
1064 4665 1136 4732 tari
1162 4665 1243 4732 voni
1267 4665 1310 4732 de
1334 4669 1489 4743 moneta,
1515 4669 1555 4733 ut
1578 4667 1609 4734 si
1632 4669 1688 4734 vel
1714 4685 1821 4736 unam
1845 4667 1927 4735 illut
1964 4668 2050 4736 dare
2074 4687 2253 4754 possemus
2287 4669 2324 4734 et
2357 4669 2434 4755 ipsa

582 4817 749 4885 tradictio
775 4817 820 4885 ad
843 4818 958 4885 omnis
982 4817 1101 4886 frudia
1127 4819 1318 4886 recollecta
1341 4837 1463 4885 eorum
1489 4818 1731 4898 remidtamuS‚
1746 4823 1783 4888 et
1804 4821 1835 4888 si
1858 4821 1896 4888 in
1920 4821 2087 4888 iamdicto
2112 4820 2342 4889 constitutum
2366 4820 2432 4908 ipsi

583 4923 655 5038 tari
679 4972 722 5039 de
747 4923 874 5058 propia
898 4968 1040 5039 illorum
1064 4991 1173 5040 causa
1197 4972 1297 5042 nobis
1321 4972 1522 5058 nostrisque
1538 4973 1702 5042 eredibus
1726 4995 1795 5042 non
1820 4973 2001 5051 redidcrit,
2016 4975 2063 5040 da
2087 4975 2170 5040 inde
2194 4975 2231 5042 in
2249 4976 2357 5043 autea
2371 4993 2433 5062 per

562 5124 653 5192 sta
676 5125 819 5192 cartula
841 5126 937 5194 omni
961 5129 1123 5212 tempore
1142 5127 1317 5212 securiter
1354 5127 1391 5192 et
1412 5125 1563 5193 firmiter
1588 5125 1668 5194 iltut
1690 5129 1885 5203 abeamus,
1921 5125 2124 5194 faciendum
2159 5145 2222 5194 nos
2245 5131 2282 5194 et
2305 5128 2458 5200 nostris.

565 5243 749 5345 'eredibus
772 5277 935 5387 quicquit
958 5281 1198 5356 voluerimus;
1224 5285 1260 5348 et
1284 5271 1468 5362 amodoe't
1491 5299 1630 5365 semper
1654 5279 1797 5365 integra
1819 5280 1898 5367 ipsa
1921 5281 2106 5358 tradictio‚
2134 5284 2173 5348 ut
2195 5283 2360 5369 superius
2388 5283 2435 5348 le-

583 5431 696 5516 gitur,
712 5431 778 5518 ipsi
802 5434 1084 5544 meteret-filiis
1108 5439 1144 5502 et
1168 5407 1310 5503 illorum
1335 5434 1512 5512 eredibus,
1531 5437 1629 5502 nobis
1654 5434 1853 5521 nostrisque
1876 5435 2041 5504 coedibus
2060 5431 2147 5504 ¹illut
2169 5437 2329 5506 defenset
2353 5457 2432 5505 cum

586 5583 663 5651 bice
686 5583 809 5699 dapis
833 5606 895 5654 sue
919 5591 965 5656 ab
987 5589 1148 5690 omnibus
1172 5575 1361 5656 ominibus:
1386 5593 1423 5654 ct
1446 5588 1588 5676 quando
1623 5561 1840 5656 voluerimus
1866 5557 1928 5656 uos
1948 5594 2000 5658 „et
2023 5591 2154 5658 nostris
2189 5591 2355 5662 eredibus
2378 5612 2433 5679 po-

590 5739 755 5806 testatem
780 5743 949 5810 abeamus
973 5742 1084 5810 modis
1107 5743 1208 5810 illam
1231 5743 1447 5821 defendere,
1473 5743 1629 5830 qualiter
1651 5741 1869 5810 voluerimus
1893 5763 1972 5811 oum
1996 5745 2159 5814 omnibus
2183 5747 2432 5816 moniminibus
