5398 7106
972 497 1393 574 nlrlollrrlcus
2016 498 2086 573 alt,

284 701 320 765 et
342 699 480 765 nostros
505 696 570 764 toti
594 696 661 784 ipsi
685 696 800 764 lavori
823 695 954 763 ibidem
978 695 1023 764 ad
1049 714 1135 762 area
1158 715 1279 762 coram
1303 695 1380 781 ipso
1405 694 1550 762 missum
1575 693 1800 767 studiemus,
1841 691 2034 778 sicutipse
2066 709 2138 758 me-

285 851 426 929 ruerit,
457 843 499 918 'et
521 850 565 918 de
589 869 692 918 omne
709 851 870 926 victum,
907 850 964 916 vel
1002 847 1166 937 quicquit
1188 848 1231 915 de
1243 851 1380 934 supter
1417 847 1461 916 dc
1499 848 1745 936 suprascripta
1782 845 1999 914 tradictioue
2040 845 2144 912 exie-

285 1005 345 1080 rit,
371 1003 480 1071 deant
502 1002 633 1071 ibidem
656 1003 698 1070 ad
722 999 835 1090 ipsum
859 1003 1002 1068 missum
1025 1003 1235 1070 terraticum
1258 1002 1454 1069 secundum
1485 1000 1775 1070 consuetudinem
1798 1000 1843 1067 de
1868 1000 1942 1087 ipso
1966 1000 2072 1075 loco,
2101 1003 2139 1067 et

285 1161 396 1226 totum
420 1159 495 1244 ipso
520 1159 705 1224 arbustum
729 1159 766 1222 et
788 1175 904 1242 poma,
923 1174 992 1242 que
1017 1153 1053 1222 in
1076 1156 1322 1242 suprascripta
1337 1156 1553 1225 tradicticne
1576 1156 1757 1234 habuerit,
1776 1159 1859 1242 apto
1883 1158 2043 1241 temporo
2062 1155 2140 1222 vin·

285 1315 492 1388 demiemus,
517 1315 554 1378 et
576 1311 800 1396 colligamus,
826 1310 921 1378 sicut
944 1309 1152 1390 meruerit,
1173 1294 1210 1376 et
1233 1309 1349 1377 omnis
1373 1309 1553 1378 vindemia
1577 1311 1730 1397 indeque
1755 1309 1892 1378 ibidem
1912 1310 1959 1380 ad
1981 1310 2139 1396 palmen-

287 1471 361 1534 tum
384 1487 503 1534 eoram
523 1461 643 1553 ¹ipsum
668 1468 813 1534 missum
838 1484 1080 1552 procuremus,
1104 1465 1199 1533 sicut
1223 1465 1398 1533 meruerit
1413 1465 1430 1544 ,'
1447 1468 1484 1532 et
1507 1466 1689 1551 integram
1713 1464 1939 1533 medietatem
1966 1466 2009 1532 de
2033 1484 2138 1552 omne

286 1622 378 1699 vino,
406 1622 495 1710 quod
520 1623 603 1690 inde
627 1621 787 1697 exierit,
828 1624 865 1687 et
888 1619 931 1687 de
954 1621 1032 1708 ipsa
1056 1639 1188 1706 poma,
1231 1621 1287 1688 vel
1311 1622 1355 1688 de
1379 1622 1470 1708 quod
1495 1623 1629 1725 exierit
1652 1623 1800 1707 desuper
1828 1620 1871 1687 de
1895 1621 2145 1706 suprascripta

177 1863 186 1880 υ
286 1778 466 1852 tradictio,
484 1777 607 1844 demus
632 1775 763 1844 ibidem
788 1775 833 1842 ad
859 1776 975 1862 ipsum
1000 1777 1159 1851 missum,
1187 1777 1330 1864 reliqua
1354 1777 1549 1844 medietate
1573 1776 1673 1844 nobis
1689 1779 1898 1844 haveamus
1924 1784 1960 1842 et
1978 1776 2055 1862 ipsa
2072 1793 2145 1841 me·

286 1927 415 1993 dietate
441 1927 551 2014 ipsius
574 1926 853 2013 archiepiscopii
868 1926 919 2000 ,de
943 1923 1016 2013 ipso
1041 1927 1163 1994 vinum
1202 1931 1384 2014 portemus
1407 1929 1452 1996 ad
1477 1929 1664 1997 cellarium
1703 1929 1817 2016 ipsius
1849 1925 2138 2015 archiepiscopii,

285 2102 393 2168 quam
417 2081 594 2150 habetati
618 2085 783 2150 sanctam
808 2083 961 2149 mariam
982 2131 989 2160 ,
1016 2083 1258 2168 pertinentem
1283 2083 1397 2169 ipsius
1421 2083 1696 2170 archiepiscopii
1719 2084 1763 2151 de
1787 2083 1910 2151 eodem
1935 2083 2011 2150 loco
2038 2103 2145 2150 nuce-

287 2235 354 2320 ria,
378 2239 414 2302 et
440 2255 650 2322 reponamus
675 2235 761 2302 illut
784 2237 924 2303 salbum
948 2236 985 2302 in
1010 2255 1184 2323 organea,
1204 2256 1272 2324 que
1297 2257 1381 2324 pars
1406 2237 1560 2324 predicti
1585 2237 1859 2324 archiepiscopii
1885 2238 2015 2305 ibidem
2040 2239 2141 2306 nobis

288 2391 341 2456 vel
366 2367 574 2457 adnostros
597 2391 746 2457 heredes
770 2390 1038 2476 assignaverit;
1063 2397 1100 2457 et
1123 2391 1220 2458 omni
1243 2411 1336 2458 anno
1361 2392 1405 2458 de
1430 2391 1507 2458 aire
1532 2391 1575 2457 de
1601 2391 1780 2458 vindemie
1804 2391 1850 2458 ad
1874 2410 1958 2478 pars
1983 2392 2143 2478 predicte

286 2546 434 2612 ecclesie
458 2545 494 2612 in
518 2545 594 2630 ipso
619 2545 769 2613 cellario
794 2547 866 2614 dua
889 2547 1010 2614 cercla
1033 2550 1139 2624 bona,
1165 2551 1202 2614 et
1224 2547 1342 2634 ipsum
1366 2548 1514 2614 missum
1553 2551 1590 2613 et
1613 2566 1745 2636 equum
1784 2546 1884 2614 illius
1923 2549 2138 2626 nutriemus,

284 2700 478 2767 secundum
503 2703 660 2768 nostram
685 2701 974 2788 possivilitatem,
993 2702 1078 2769 dum
1103 2702 1153 2769 ibi
1176 2705 1320 2769 steterit
1343 2721 1408 2788 pro
1432 2703 1508 2790 ipso
1533 2703 1616 2770 vino
1640 2705 1677 2769 et
1693 2702 1812 2770 frudia
1828 2702 2087 2788 recipiendum.
2108 2703 2144 2767 et

285 2853 542 2938 palmentatica
564 2855 661 2922 omni
686 2876 780 2924 anno
803 2875 867 2943 per
891 2857 1069 2924 vindemie
1093 2858 1138 2924 ad
1163 2875 1247 2944 pars
1283 2858 1434 2944 predicti
1474 2856 1751 2944 archiepiscopii
1787 2854 1910 2924 demus
1947 2857 2143 2924 secundum

284 3008 573 3084 consuetudinem
597 3010 641 3077 de
664 3009 739 3098 ipso
762 3013 850 3081 loco.
876 3015 913 3080 et
936 3009 1041 3100 quale
1066 3016 1224 3099 tempore
1247 3011 1496 3099 suprascripta
1520 3012 1688 3080 tradictio
1724 3031 1787 3080 nos
1811 3015 1847 3080 et
1865 3014 2011 3080 nostros
2036 3013 2140 3078 here-

285 3165 345 3231 des
369 3167 492 3230 tenere
516 3167 552 3232 et
574 3167 740 3232 lavorare
765 3167 997 3242 noluerimus,
1023 3170 1087 3234 aut
1111 3187 1183 3234 non
1207 3163 1428 3253 potuerimus
1453 3161 1491 3234 iu
1514 3168 1761 3254 suprascripta
1787 3167 1940 3242 ratione,
1968 3143 2064 3233 Tunc
2089 3166 2142 3234 in-

282 3319 406 3386 clitam
430 3320 531 3387 illam
554 3322 730 3399 laborata,
756 3331 791 3390 et
814 3329 987 3409 operata,
1013 3325 1048 3389 et
1069 3325 1195 3399 sorta,
1221 3326 1257 3389 et
1281 3323 1374 3390 unde
1399 3323 1574 3391 meruerit
1597 3322 1697 3402 clusa
1721 3326 1757 3390 et
1780 3324 1882 3390 salba
1906 3325 1998 3394 bona
2023 3321 2144 3388 remit-

286 3479 400 3540 tamus
423 3474 468 3541 ad
492 3494 576 3561 pars
601 3449 753 3562 predicti
778 3477 1051 3564 archiepiscopii
1076 3476 1280 3544 faciendum
1305 3475 1389 3546 iude
1414 3477 1507 3564 quod
1532 3431 1739 3554 voluerint;
1781 3479 1817 3544 et
1841 3495 1904 3544 nos
1928 3480 1964 3544 ct
2001 3479 2141 3544 nostros

284 3627 432 3694 heredes
454 3629 563 3696 liceat
585 3631 668 3697 inde
694 3632 797 3698 exire
822 3651 903 3699 oum
927 3624 1089 3698 omnibus
1114 3631 1248 3698 nostris
1272 3629 1389 3698 causis
1414 3629 1629 3706 movilibus,
1655 3633 1692 3696 et
1715 3631 1860 3716 portare
1885 3630 1976 3697 illud
2002 3630 2061 3696 ubi
2087 3633 2144 3696 bo-
2202 3639 2226 3660 ”

284 3781 466 3850 luerimus.
492 3789 528 3852 et
551 3805 615 3872 per
638 3788 926 3854 convenientiam
951 3788 1026 3872 ipse
1051 3786 1235 3874 iaquintus
1259 3785 1430 3872 guadiam
1456 3785 1555 3852 nohis
1578 3785 1704 3888 dedit,
1749 3789 1786 3851 et
1809 3785 2014 3852 fideiussore
2041 3787 2142 3852 nobis

282 3939 400 4023 posuit
422 3939 566 4008 dalfium
591 3942 761 4009 clericum
786 3942 898 4009 fllium
923 3943 1101 4030 quondam
1125 3941 1291 4026 grisonis,
1309 3946 1346 4009 et
1369 3961 1436 4028 per
1460 3943 1573 4028 ipsam
1597 3941 1766 4028 guadiam
1790 3945 1827 4008 et
1850 3942 2140 4008 convenientiam

284 4091 358 4206 ipse
382 4093 530 4160 domnus
553 4094 838 4181 archiepiscopus
861 4094 1036 4180 obligavit
1058 4113 1096 4160 se
1120 4097 1398 4161 et'successores
1422 4113 1503 4162 suos
1527 4097 1563 4161 et
1586 4113 1668 4181 pars
1685 4093 1839 4180 predicti
1866 4094 2139 4181 archiepiscopii

285 4247 473 4344 defendere
497 4249 598 4316 nobis
624 4249 825 4336 nostrisque
850 4248 1041 4316 heredibus
1065 4248 1194 4315 inclita
1216 4245 1464 4332 suprascripta
1488 4245 1715 4322 tradiotione,
1735 4245 1891 4334 qualiter
1914 4266 2025 4333 supra
2052 4248 2142 4333 legi·
2217 4324 2224 4337 ,

286 4407 355 4481 tur,
381 4407 426 4470 ab
449 4404 612 4472 omnibus
635 4403 838 4472 hominibus
861 4423 943 4470 cum
967 4405 1045 4470 vice
1069 4403 1113 4470 de
1138 4399 1224 4490 ipsis
1249 4403 1329 4480 vils,
1355 4403 1552 4490 usquedum
1578 4401 1680 4470 illam
1706 4401 1929 4469 tenuerimus
1953 4403 1991 4468 in
2016 4422 2142 4488 supra-

284 4557 417 4645 scripta
441 4560 591 4627 ratione.
611 4563 647 4626 et
662 4560 756 4627 sicut
778 4560 942 4646 superius
965 4560 1140 4646 scriptum
1164 4525 1230 4635 est,
1247 4562 1286 4625 ut
1301 4557 1376 4644 ipse
1393 4559 1542 4625 domnus
1566 4557 1855 4643 archiepiscopus
1871 4559 1907 4624 et
1921 4575 2141 4625 successores
2172 4541 2176 4549 ¹

283 4731 375 4781 suos.
401 4717 437 4781 et
460 4731 543 4802 pars
566 4715 719 4802 predicti
742 4710 1011 4801 archiepiscopii
1036 4716 1135 4782 nobis
1159 4713 1359 4802 nostrisque
1382 4714 1575 4781 heredibus
1599 4732 1670 4780 non
1693 4712 1991 4799 adimpleverint,
2017 4716 2054 4779 et
2077 4731 2136 4780 su-

283 4871 484 4956 prascripta
507 4873 563 4936 vel
587 4869 717 4938 exinde
741 4872 924 4937 remohere
949 4872 1013 4936 aut
1035 4869 1286 4936 contradicere
1309 4866 1608 4954 presumpserint,
1626 4883 1691 4954 per
1714 4865 2025 4953 ipsam-guadiam
2048 4865 2137 4932 obli-

283 5025 384 5110 gavit
407 5042 444 5089 se
467 5030 504 5090 et
527 5041 747 5092 successores
770 5041 880 5100 suOS,
918 5025 954 5090 et
978 5042 1059 5110 pars
1083 5023 1235 5109 predicti
1259 5021 1536 5108 archiepiscopii
1559 5037 1771 5107 componere
1807 5019 1908 5088 nobis
1938 5017 2141 5105 nostrisque

284 5178 473 5246 heredibus
498 5179 650 5265 triginta
673 5181 754 5248 auri
778 5180 907 5248 solidos
930 5181 1189 5248 constantines.
1213 5181 1310 5258 Quod
1334 5178 1462 5264 scripsi
1486 5195 1554 5262 ego
1577 5177 1752 5245 iohannes
1775 5175 1951 5244 notarius.

327 5333 354 5422 ³⁸⁴
378 5333 451 5417 Ego
475 5332 648 5400 iohannes
672 5333 825 5401 clericus
848 5337 885 5401 et
908 5334 1068 5401 notarius
1093 5334 1155 5421 qui
1179 5337 1215 5402 et
1238 5335 1447 5402 subscribsi.

326 5486 353 5580 a}
377 5491 451 5574 Ego
475 5483 621 5557 amatus
640 5489 817 5577 presbiter
841 5492 878 5558 et
900 5489 1110 5558 cardinalis.

326 5643 353 5735 †
378 5647 451 5731 Ego
474 5643 634 5712 marinus
657 5643 809 5712 clericus
832 5646 868 5710 et
891 5641 1129 5730 primicerius.

326 5799 353 5890 †
377 5804 451 5887 Ego
479 5801 658 5869 laridolsus
682 5803 842 5868 notarius
868 5818 923 5866 me
946 5799 1151 5884 subscripsi.
