5454 7104
1032 533 1439 612 ulvtbnorlctts
2077 544 2118 618 ll

309 725 422 809 ginta.
434 730 479 795 Et
491 727 696 798 revolvente
708 729 839 818 inipso
851 737 954 818 parte
967 733 1160 802 occidentis
1184 752 1295 822 usquc
1318 736 1356 802 in
1379 736 1492 822 ipsam
1505 737 1659 822 primam
1672 740 1803 805 sortem
1821 741 1916 827 passi
1930 741 2117 828 octoginta
2137 753 2175 818 ct

312 901 432 948 unum.
469 885 515 950 llt
539 885 743 954 revolvente
778 885 816 954 in
840 885 919 972 ipsa
942 889 1044 974 parte
1068 887 1329 974 septemtrionis
1353 889 1457 956 iuxta
1481 889 1593 976 ipsam
1618 853 1728 958 aliam
1752 896 1884 961 sortem
1908 894 2001 984 ipsos
2024 903 2170 970 centum

309 1035 480 1104 tredecim
503 1055 624 1124 passos
648 1058 761 1126 usque
786 1039 824 1108 in
848 1041 926 1127 ipsa
951 1042 1023 1110 via.
1050 1045 1095 1110 Et
1118 1061 1182 1130 per
1206 1041 1320 1130 ipsam
1345 1044 1439 1111 viam
1463 1014 1631 1111 habiente
1655 1046 1694 1112 in
1717 1047 1832 1133 ipsam
1855 1027 1994 1136 partem
2021 1053 2171 1124 orientis

310 1189 405 1276 passi
429 1191 613 1279 octoginta
636 1197 727 1262 octo.
765 1199 809 1262 Et
833 1197 1037 1265 revolvente
1063 1197 1101 1265 in
1124 1199 1203 1284 ipsa
1226 1201 1329 1285 parte
1352 1197 1616 1285 septemtrionis
1642 1199 1736 1286 passi
1760 1201 1889 1289 viginti
1914 1205 2099 1292 quattuor.
2126 1211 2172 1278 Et

308 1345 511 1414 revolvente
535 1311 674 1434 iu'ips'a
698 1351 802 1434 parte
827 1349 1021 1418 occidentis
1044 1350 1142 1437 passi
1166 1351 1368 1438 nonaginta
1393 1371 1518 1420 unum.
1560 1353 1604 1419 Et
1628 1355 1835 1424 revolvente
1869 1358 1907 1425 in
1946 1358 2025 1446 ipsa
2065 1365 2171 1447 parte

307 1501 569 1586 septemtrionis
591 1501 698 1569 iuxta
720 1499 834 1589 ipsam
861 1503 971 1570 aliam
994 1505 1140 1582 sortem,
1166 1504 1263 1592 passi
1287 1505 1441 1590 triginta
1463 1509 1598 1591 septem
1626 1525 1737 1593 usque
1761 1507 1799 1575 in
1823 1510 1937 1596 ipsam
1973 1511 2083 1582 viam.
2121 1515 2166 1582 Et

307 1653 457 1722 adiunxi
480 1654 519 1722 in
541 1655 612 1723 ista
634 1657 728 1723 sorte
752 1659 888 1724 terram
913 1677 993 1724 cum
1018 1659 1166 1726 arbusto
1190 1659 1234 1724 de
1257 1657 1379 1725 eodem
1402 1660 1478 1725 loco
1502 1677 1565 1745 per
1588 1660 1676 1728 lines
1700 1665 1737 1727 et
1761 1681 1975 1730 mensuras:
2001 1667 2031 1730 A
2055 1669 2160 1752 parte

306 1807 455 1875 orientis
477 1809 547 1876 tine¹
570 1809 649 1896 ipsa
673 1809 783 1878 tertia
806 1829 902 1885 sors,
932 1813 969 1877 et
991 1829 1055 1896 per
1079 1811 1192 1897 ipsam
1217 1813 1322 1880 finem
1346 1813 1442 1899 passi
1465 1813 1701 1899 septuaginta
1725 1819 1888 1902 septem:
1915 1819 1945 1883 A
1970 1822 2073 1904 parte
2097 1835 2170 1886 me-

308 1961 412 2029 ridiei
435 1963 491 2029 est
510 1963 591 2030 finis
613 1964 684 2041 via,
710 1967 747 2031 et
769 1981 833 2051 per
857 1966 971 2051 ipsam
997 1965 1092 2033 viam
1116 1965 1314 2032 mensurati
1339 1966 1433 2052 passi
1458 1966 1657 2052 nonaginta
1680 1985 1768 2034 sex:
1793 1971 1824 2034 Α
1847 1973 1950 2056 parte
1972 1971 2169 2041 occidentis

234 2131 239 2140 ·
305 2115 398 2192 fine,
423 2115 516 2184 sicut
539 2116 691 2204 limitem
714 2118 913 2197 discernit,
948 2123 984 2187 et
1007 2137 1072 2206 per
1096 2120 1211 2207 ipsum
1236 2119 1387 2188 limitem
1411 2123 1609 2189 mensurati
1634 2123 1731 2208 passi
1756 2125 1899 2191 centum
1924 2125 2169 2213 quadraginta

306 2270 402 2338 duo:
442 2275 473 2337 A
496 2277 600 2359 parte
622 2273 885 2360 septemtrionis
908 2277 991 2342 sunt
1014 2276 1109 2360 passi
1134 2275 1378 2362 quadraginta
1399 2273 1467 2343 duo
1492 2277 1687 2346 mensurati
1713 2295 1826 2364 usque
1850 2277 1888 2345 in
1911 2280 2026 2366 ipsam
2051 2283 2161 2350 aliam

305 2429 447 2495 sortem.
489 2429 535 2496 Et
556 2429 708 2497 adiunxi
732 2431 772 2498 in
795 2429 864 2498 ista
887 2432 982 2498 sorte
1006 2433 1144 2498 terram
1168 2450 1248 2496 cum
1274 2433 1421 2498 arbusto
1444 2449 1550 2517 super
1574 2429 1651 2518 ipsa
1676 2432 1735 2498 via
1771 2432 1905 2519 inqua
1939 2435 2032 2502 olibe
2066 2441 2164 2517 sunt,

306 2602 374 2670 quc
396 2586 451 2651 est
473 2603 537 2671 per
559 2585 646 2652 fines
669 2589 706 2652 et
728 2603 938 2653 mensuras:
976 2587 1006 2652 A
1030 2587 1134 2672 parte
1158 2585 1421 2672 septemtrionis
1456 2589 1511 2654 est
1532 2586 1611 2653 tlnis
1635 2587 1712 2674 ipsa
1748 2586 1809 2655 via
1832 2591 1869 2654 et
1896 2591 1991 2675 passi
2020 2593 2164 2659 centum

306 2738 569 2826 quinquaginta
591 2757 683 2807 sex:
709 2743 739 2805 A
762 2743 865 2827 parte
888 2739 1084 2808 occidentis
1109 2739 1205 2826 passi
1230 2742 1402 2807 centum:
1444 2741 1473 2805 Α
1497 2743 1600 2826 parte
1624 2739 1786 2807 mendici
1824 2742 1903 2809 finis
1927 2747 2026 2811 terra
2048 2745 2164 2832 ipsius

305 2889 423 2960 domni
446 2892 617 2980 principis
641 2895 678 2959 et
700 2892 812 2969 ducis,
838 2893 940 2959 etde
963 2893 1050 2980 ipsis
1074 2894 1261 2979 germanis
1285 2894 1381 2972 eius,
1406 2897 1444 2960 et
1466 2894 1562 2980 passi
1586 2896 1729 2960 centum
1755 2897 1951 2982 nonaginta
1975 2901 2163 2985 quattuor:

305 3050 359 3115 db
381 3047 460 3134 ipsa
481 3049 586 3134 parte
607 3047 755 3116 orientis
777 3046 945 3114 similiter
968 3048 1037 3114 tine
1061 3051 1163 3114 terra
1179 3047 1323 3113 illorum
1349 3065 1417 3133 que
1440 3047 1610 3114 adiuncta
1632 3049 1694 3114 est·
1710 3047 1748 3113 in
1765 3048 1843 3134 ipsa
1867 3051 1977 3117 tertia
1999 3053 2109 3130 sorte,
2126 3055 2164 3119 et

303 3221 368 3290 por
390 3201 504 3287 ipsam
525 3201 631 3267 finem
655 3200 749 3286 passi
772 3205 914 3266 centum
938 3199 1197 3286 quadraginta.
1233 3201 1278 3266 Et
1300 3200 1451 3266 adiunxi
1473 3201 1512 3266 in
1535 3200 1605 3267 ista
1628 3203 1723 3267 sorte
1747 3201 1927 3287 integram
1951 3206 2092 3271 curtem
2119 3206 2164 3272 il·

304 3354 420 3420 lorum
444 3369 512 3439 que
535 3350 667 3418 dicitur·
689 3351 737 3420 da
760 3355 941 3439 rapportu.
982 3355 1027 3420 Et
1051 3352 1204 3420 adiunxi
1228 3353 1266 3420 in
1290 3354 1359 3420 ista
1381 3356 1476 3422 sorte
1511 3353 1690 3440 integram
1726 3357 1905 3452 peciolam
1939 3359 2082 3426 illorum
2117 3361 2163 3429 de

302 3505 543 3593 suprascripto
566 3508 643 3574 loco
667 3511 889 3592 apusmonte‚
906 3506 966 3573 ubi
989 3505 1148 3592 geminis
1164 3473 1313 3584 dicitur,
1337 3526 1405 3594 que
1429 3509 1483 3574 est
1497 3527 1579 3574 cum
1603 3511 1761 3588 arbusto,
1777 3530 1882 3598 quom
1899 3513 2031 3580 retinet
2046 3533 2160 3596 sassu,

304 3679 371 3748 que
394 3660 599 3729 oboriente
622 3663 659 3727 et
682 3679 705 3728 a
727 3659 980 3747 septemtrione
1002 3660 1194 3728 coniuncta
1217 3663 1271 3728 est
1294 3661 1339 3728 ad
1363 3663 1450 3731 vias.
1493 3663 1669 3732 stanam
1704 3667 1878 3753 peciolam
1913 3668 2032 3756 ibique
2067 3668 2163 3736 cumi

302 3817 470 3893 arbusto,
495 3833 603 3902 quam
626 3815 784 3883 retinent
806 3816 979 3884 iohannes
1004 3815 1117 3886 bitale
1140 3819 1178 3883 et
1199 3821 1323 3902 petrus
1344 3875 1350 3900 ‚
1387 3841 1456 3908 que
1480 3843 1502 3891 a
1525 3827 1630 3907 parte
1652 3788 1802 3890 orientis
1826 3778 2013 3889 coniuncta
2036 3825 2090 3888 est
2114 3820 2161 3890 ad

254 3979 255 3986 ’
301 3968 580 4056 suprascriptam
603 3969 711 4038 viam.
737 3973 782 4038 Et
805 3971 955 4039 adiunxi
978 3971 1016 4040 in
1039 3973 1110 4039 ista
1132 3975 1228 4040 sorte
1251 3973 1431 4060 integram
1455 3975 1627 4062 peciolam
1652 3993 1734 4042 cum
1758 3977 1903 4043 arbusto
1927 3976 2058 4043 ibidem
2083 3995 2161 4063 pro-

301 4125 462 4213 pinqua,
487 4125 546 4193 ubi
569 4129 721 4196 basaboe
744 4127 888 4205 dicitur,
914 4149 1021 4215 quam
1046 4129 1184 4198 retinet
1206 4132 1281 4218 ipsc
1306 4131 1479 4200 iohannes
1504 4133 1627 4200 bitalc.
1652 4134 1697 4198 Et
1720 4150 1743 4199 a
1766 4134 1869 4218 parte
1891 4131 2161 4218 septemtrionis

301 4281 345 4348 ad
368 4279 513 4349 fluvium
536 4281 673 4352 saltera
695 4282 887 4352 coniuncta
909 4287 976 4351 est.
1018 4287 1063 4351 Et
1085 4285 1162 4353 alia
1184 4285 1322 4372 peciola
1346 4306 1414 4374 que
1438 4285 1570 4354 dicitur
1605 4289 1650 4355 ad
1685 4289 1848 4354 sanctum
1884 4285 2055 4353 martium
2090 4303 2159 4372 que

300 4440 353 4505 est
376 4455 456 4505 cum
480 4439 651 4516 arbusto,
692 4457 799 4524 quam
823 4438 955 4507 retinet
979 4439 1184 4507 romoaldus
1206 4439 1301 4507 filius
1324 4439 1489 4516 allerisi,
1526 4447 1562 4506 ct
1585 4439 1737 4510 adiunxi
1773 4439 1810 4506 iu
1834 4439 1904 4506 ista
1926 4440 2021 4505 sorte
2046 4455 2157 4506 unam

299 4589 471 4682 peciolam
493 4593 537 4661 de
560 4596 660 4661 terra
682 4613 763 4661 cum
787 4595 933 4661 arbusto
957 4593 1092 4660 ibidem
1117 4593 1381 4680 propinquam,
1417 4593 1457 4660 in
1480 4611 1551 4678 qua
1576 4593 1707 4660 residet
1731 4593 1807 4678 ipse
1830 4592 2003 4658 iohannes
2029 4591 2155 4670 bitale,

299 4750 344 4816 Et
365 4749 476 4817 aliam
499 4748 648 4837 peciam,
680 4748 739 4816 ubi
763 4747 933 4815 molinum
958 4749 1207 4817 constructum
1231 4748 1286 4814 est
1309 4749 1346 4813 et
1368 4749 1523 4832 pontone
1545 4746 1692 4813 dicitur.
1722 4749 1767 4812 Et
1789 4745 1901 4813 aliam
1940 4745 2081 4833 peciam
2106 4749 2155 4815 ub

224 4989 229 4998 ,
297 4905 452 4992 geminis
475 4905 619 4985 dicitur,
637 4925 743 4993 quam
769 4905 901 4973 retinet
923 4903 1097 4970 iohannes
1121 4903 1322 4989 gastaldus.
1348 4905 1394 4970 nt
1417 4855 1526 4970 aliam
1552 4901 1727 4989 peciolam
1751 4921 1831 4969 cum
1854 4904 2001 4970 arbusto
2026 4902 2157 4971 ibidem

297 5061 556 5150 propinquam,
582 5081 690 5148 quam
713 5061 847 5128 retinet
869 5063 992 5145 petrus
1015 5058 1112 5125 tilius
1135 5057 1284 5125 iohanni
1307 5056 1506 5144 gagliarda.
1533 5059 1578 5124 Et
1600 5047 1675 5124 alia
1697 5057 1836 5144 peciola
1858 5077 1928 5146 que
1953 5056 2085 5124 dicitur
2109 5057 2156 5125 ad

297 5217 460 5284 sanctum
483 5215 690 5293 eustasium,
716 5233 785 5301 quc
808 5216 863 5282 est
885 5215 1085 5292 arbustum,
1113 5231 1220 5300 quam
1247 5213 1379 5280 retinet
1402 5231 1578 5300 sparanus
1602 5195 1851 5281 maczatrulla.
1876 5216 1922 5280 Et
1944 5211 2095 5281 adiunxi
2118 5211 2157 5279 in

296 5370 365 5439 ista
388 5371 483 5438 sorte
505 5369 685 5454 integram
700 5367 939 5445 medietatem,
958 5385 1027 5454 que
1050 5371 1105 5435 est
1127 5385 1204 5435 sors
1228 5365 1374 5434 illorum
1398 5365 1442 5434 dc
1465 5385 1538 5434 una
1552 5365 1655 5453 pecie
1678 5366 1723 5433 de
1746 5369 1847 5434 terra
1862 5384 1943 5433 cum
1966 5367 2153 5435 castaneto

296 5527 333 5589 et
355 5521 536 5610 quercieto
559 5521 598 5588 in
623 5521 699 5587 loco
722 5520 833 5597 siano,
861 5515 920 5586 ubi
943 5519 1116 5605 gualdum
1133 5517 1279 5598 dicitur,
1294 5537 1401 5606 quam
1426 5518 1559 5586 retinet
1581 5519 1753 5587 iohannes
1769 5517 1914 5586 barrile.
1940 5519 1984 5585 nt
1999 5519 2151 5586 adiunxi

296 5673 334 5743 in
357 5675 428 5743 ista
450 5663 552 5742 sorte
568 5675 705 5741 terram
729 5673 877 5741 illorum
900 5691 980 5739 cum
1004 5674 1151 5741 arbusto
1176 5673 1212 5738 in
1236 5673 1478 5760 suprascripto
1501 5675 1579 5741 loco
1602 5673 1730 5750 siano,
1758 5691 1870 5760 quam
1887 5671 2027 5740 ‘retinet
2050 5671 2149 5739 dum-

296 5817 448 5898 nandus.
478 5829 524 5896 nt
546 5827 698 5898 adiunxi
722 5828 759 5896 in
783 5827 855 5896 ista
877 5796 972 5895 sorte
995 5828 1180 5912 integram
1210 5827 1353 5896 tertiam
1377 5830 1515 5914 partem
1535 5875 1543 5905 ,
1567 5845 1637 5914 que
1660 5831 1714 5895 est
1737 5827 1880 5896 illorum
1904 5842 1991 5904 sors,
2016 5826 2060 5893 dc
2084 5843 2156 5893 una

403 5945 473 6004 'lom
493 5959 542 6003 vu.
1977 5945 2010 6000 13
