5454 7104
632 529 699 604 lot
1272 519 1443 594 conell
1482 517 1736 594 CAVENSlS

569 742 646 796 ram
673 724 843 796 bacuam,
870 739 938 806 que
962 719 1030 806 ipsi
1055 717 1270 786 monasterio
1292 718 1451 804 pertinet
1474 719 1581 784 abere
1605 715 1690 782 loris
1713 735 1781 782 ane
1804 715 1987 783 ciuitatem
2013 717 2049 782 in
2073 717 2149 782 loco
2172 716 2232 780 uni
2256 713 2418 781 dulicara

563 874 708 950 dicitur,
734 893 807 959 que
831 876 885 938 est
908 873 1083 958 perfines
1106 874 1143 937 et
1166 890 1375 940 mensuras:
1402 891 1424 939 a
1449 876 1552 958 parte
1576 871 1739 938 meridiei
1762 871 1842 938 finis
1865 869 1993 938 dubius
2017 869 2077 938 ubi
2101 869 2200 936 calor
2223 868 2357 940 dicitur
2381 869 2418 931 et

565 1045 688 1113 passos
711 1025 881 1093 ducentos
905 1025 1059 1110 triginta
1083 1027 1248 1112 quatuor:
1273 1043 1296 1092 a
1318 1029 1421 1111 parte
1444 1023 1637 1092 occidentis
1660 1007 1828 1090 similiter
1843 1023 1922 1089 finis
1948 1026 2021 1108 ipso
2045 1023 2151 1118 fluvio
2175 1026 2211 1087 et
2226 1021 2304 1087 ilnis
2320 1023 2421 1087 terra

569 1183 665 1248 sacri
689 1179 905 1248 salernitani
930 1179 1058 1266 palatii
1083 1182 1119 1247 et
1141 1198 1262 1265 passos
1285 1180 1468 1248 ducentos:
1494 1199 1516 1247 a
1539 1181 1642 1266 parte
1665 1178 1929 1265 septemtrionis
1957 1177 2039 1244 finis
2062 1180 2163 1244 terra
2184 1175 2296 1262 ipsius
2325 1177 2421 1243 sacri
2446 1211 2450 1224 ·

567 1335 694 1418 palatii
719 1338 756 1402 et
778 1353 900 1422 passos
924 1335 1094 1402 ducentos
1117 1335 1251 1401 decem:
1270 1355 1292 1402 a
1315 1337 1418 1420 parte
1441 1331 1593 1400 orientis
1616 1331 1785 1399 similiter
1807 1331 1889 1397 finis
1914 1333 2016 1398 terra
2039 1329 2149 1416 ipsius
2173 1330 2268 1396 sacri
2292 1329 2421 1416 palatii

569 1493 606 1556 et
630 1489 711 1556 finis
735 1488 811 1575 ipso
827 1490 954 1556 dubius
979 1493 1016 1554 et
1031 1507 1152 1576 passos
1175 1488 1344 1555 ducentos
1367 1487 1587 1573 sexsaginta3
1606 1489 1672 1554 tali
1687 1484 1845 1554 ordinem
1870 1489 2115 1572 suprascripta
2131 1488 2230 1552 terra
2253 1503 2318 1571 per
2332 1485 2422 1552 iam-

567 1645 683 1711 dictas
706 1644 793 1709 fines
817 1643 854 1708 et
876 1661 1063 1708 mensuras
1087 1642 1180 1708 iusto
1203 1660 1309 1727 passu
1332 1643 1460 1708 ominis
1484 1644 1695 1710 mensurata
1717 1641 1802 1728 ipsis
1825 1641 1985 1718 iohanni,
2011 1643 2047 1707 et
2069 1639 2254 1728 iaquinto,
2279 1641 2315 1706 et
2338 1657 2420 1706 urso

568 1817 633 1882 per
656 1797 953 1864 combenientiam
978 1795 1135 1872 tradidi,
1162 1794 1272 1861 etiam
1296 1797 1332 1861 et
1356 1795 1488 1862 tradidi
1511 1795 1563 1862 eis
1588 1796 1700 1862 bicem
1724 1795 1768 1861 de
1793 1794 2028 1880 pascuisque
2051 1793 2120 1880 ipsi
2145 1793 2360 1860 monasterio
2383 1794 2421 1860 in

565 1953 686 2022 eodem
713 1953 788 2017 loco
812 1950 971 2036 pertinet
993 1953 1126 2026 abere,
1163 1949 1263 2016 utin
1287 1949 1373 2035 ipsis
1397 1948 1537 2034 pascuis
1561 1947 1744 2016 animaliis
1768 1965 1890 2014 eorum
1915 1946 1960 2014 ad
1984 1947 2197 2032 passendum
2222 1946 2419 2024 mitterent,

571 2111 611 2173 ut
634 2106 760 2173 amodo
783 2108 819 2172 et
844 2125 954 2192 nsque
979 2105 1163 2172 (duodecim
1187 2107 1273 2172 anni
1297 2103 1466 2190 completi
1492 2107 1566 2171 tota
1589 2104 1837 2191 suprascripta
1858 2103 2049 2170 traditione
2073 2122 2153 2180 cum
2170 2103 2283 2190 ipsam
2309 2102 2422 2171 bicem

565 2259 609 2328 de
634 2259 720 2344 ipsis
744 2257 898 2346 pascuis,
924 2259 1018 2326 sicul
1041 2277 1154 2345 supra
1178 2258 1336 2346 legitur,
1362 2258 1436 2324 illis
1460 2261 1495 2324 el
1520 2260 1665 2325 illorum
1689 2259 1812 2326 eredes
1835 2277 1898 2324 sue
1922 2257 2108 2344 potestatis
2131 2261 2279 2326 teneant
2301 2259 2338 2323 et
2361 2257 2422 2324 do-

575 2411 739 2487 minent,
766 2415 886 2479 fobeas
910 2416 946 2477 et
968 2411 1083 2479 omnis
1107 2411 1252 2480 illorum
1277 2413 1446 2480 utilitate
1470 2412 1565 2478 iusta
1589 2412 1729 2478 ratione
1752 2411 1802 2478 ibi
1826 2411 1974 2478 saciant.
2014 2413 2058 2477 Et
2079 2412 2194 2478 omnis
2222 2431 2315 2479 anno
2339 2414 2422 2479 abio

566 2569 728 2652 tempore
752 2569 857 2632 arent
881 2566 993 2651 ipsam
1021 2575 1155 2632 terram
1181 2569 1217 2631 01
1240 2584 1347 2632 arare
1373 2566 1536 2644 faciant,
1562 2566 1657 2634 sicut
1680 2566 1882 2642 meruerit,
1909 2567 1946 2630 01
1968 2565 2189 2636 seminarent
2212 2584 2291 2634 eam
2315 2567 2423 2652 quale

562 2721 755 2789 sementem
781 2720 830 2786 ibi
855 2719 1054 2794 meruerit,
1079 2722 1115 2785 et
1139 2721 1253 2788 labori
1278 2719 1345 2806 ipsi
1369 2724 1451 2806 apto
1476 2725 1634 2808 tempore
1658 2720 1883 2795 studiarent,
1916 2723 2009 2786 sicut
2033 2719 2243 2786 meruerint.
2270 2721 2314 2784 Et
2337 2722 2420 2806 apto

563 2880 758 2960 temporem
783 2874 873 2940 illud
898 2875 1076 2940 meterent
1098 2877 1135 2938 et
1160 2877 1410 2958 procurarent,
1425 2877 1461 2940 et
1484 2875 1687 2941 adunarent
1710 2873 1830 2960 ibique
1854 2872 1900 2940 ad
1924 2892 2023 2949 area,
2040 2876 2077 2939 et
2100 2873 2236 2942 saciant
2258 2873 2351 2941 scire
2367 2894 2422 2940 me

564 3031 602 3106 et
626 3030 848 3094 sribcessores
872 3045 978 3099 meos,
1006 3027 1062 3092 vel
1087 3031 1226 3112 partem
1250 3025 1486 3112 suprascripti
1510 3027 1730 3101 monasterii,
1757 3031 1797 3094 ut
1818 3027 1868 3094 ibi
1887 3027 2088 3113 dirigamus
2111 3027 2271 3103 missurn,
2289 3032 2326 3094 et
2349 3028 2423 3094 illis

564 3178 636 3258 toti
657 3179 723 3264 ipsi
747 3180 863 3246 labori
889 3184 972 3247 aute
997 3199 1078 3249 eum
1102 3181 1291 3257 tritulent,
1317 3191 1353 3247 et
1377 3181 1511 3248 bictum
1535 3181 1652 3266 ipsum
1678 3185 1806 3249 bonum
1830 3181 2018 3258 concient,
2044 3182 2137 3257 sicut
2161 3182 2360 3258 meruerit,
2386 3187 2423 3249 01

564 3334 696 3400 iustum
714 3335 946 3410 terraticum,
973 3336 1066 3402 sicut
1089 3337 1144 3402 est
1167 3337 1382 3402 consuetudo
1407 3338 1520 3423 ipsius
1544 3337 1626 3413 loci,
1653 3356 1699 3404 ex
1723 3337 1797 3424 ipso
1822 3337 1915 3404 biolo
1931 3337 2051 3424 ibique
2075 3339 2120 3420 ad
2136 3339 2249 3426 ipsum
2276 3340 2423 3407 missum

562 3487 672 3552 deant
697 3487 873 3573 reliquum
898 3489 991 3574 qnod
1016 3489 1152 3555 exinde
1178 3489 1419 3567 remanserit,
1445 3489 1513 3556 sini
1537 3494 1683 3566 abeant,
1710 3492 1912 3558 laciendum
1937 3491 2019 3558 inde
2043 3493 2136 3578 quod
2161 3495 2352 3560 noluerint.
2379 3498 2423 3560 Et

554 3641 679 3725 -ipsum
704 3640 928 3717 terraticum,
956 3641 1048 3726 quod
1073 3633 1118 3708 ad
1143 3645 1281 3728 partem
1307 3643 1692 3728 predicti-monasterii
1714 3648 1886 3722 ebenerit,
1913 3664 2135 3732 perannum
2160 3651 2240 3733 apto
2265 3650 2423 3734 tempore

564 3794 706 3860 salbum
730 3793 821 3860 illud
846 3799 989 3880 portent
1014 3795 1059 3862 ad
1084 3795 1284 3876 cellarium,
1304 3758 1396 3882 quod
1419 3816 1503 3884 pars
1528 3799 1674 3885 predicti
1700 3799 1909 3869 monasterii
1933 3803 2016 3869 abet
2036 3802 2080 3868 ad
2096 3801 2284 3870 ecclesiam
2307 3801 2423 3868 sancti

566 3949 731 4014 martiris
756 3949 928 4016 laurentii
953 3951 995 4016 de
1020 3951 1141 4017 eodem
1166 3953 1253 4027 loco,
1273 3972 1379 4038 qnam
1404 3953 1472 4039 ipsi
1496 3955 1712 4021 monasterio
1736 3974 1807 4022 non
1831 3955 1999 4039 pertinet,
2025 3958 2061 4020 01
2083 3957 2222 4030 salbum
2247 3955 2424 4022 111001111-

565 4103 644 4168 dem
670 4104 714 4170 ad
739 4107 878 4188 partum
903 4105 1055 4189 predicti
1078 4107 1287 4174 monasterii
1312 4106 1496 4193 atsinget:
1522 4107 1638 4192 ipsum
1664 4110 1838 4185 missum,
1878 4111 1963 4176 dum
1987 4130 2052 4195 pro
2076 4111 2150 4196 ipso
2174 4109 2308 4176 bietum
2336 4107 2424 4174 reci·

565 4257 696 4342 piendo
720 4257 768 4324 ibi
794 4259 947 4325 steterit.
974 4259 1049 4326 illis
1073 4278 1152 4326 eum
1179 4261 1344 4327 nutriant
1367 4263 1560 4328 secundum
1585 4263 1731 4330 illorum
1755 4264 2002 4350 possibilitate.
2045 4267 2090 4330 nt
2113 4283 2176 4350 per
2199 4267 2424 4334 combenien-

566 4409 655 4475 tiam
682 4411 750 4496 ipsi
773 4411 958 4486 iohannes,
985 4416 1022 4479 01
1047 4411 1242 4498 iaquintus,
1269 4411 1304 4478 et
1331 4433 1433 4479 ursus
1457 4411 1591 4499 gnadi'a
1615 4417 1724 4484 michi
1747 4419 1923 4485 dedorunt
1945 4423 1982 4485 et
2004 4420 2207 4487 fideiussore
2231 4419 2340 4488 michi
2364 4442 2424 4507 po-

564 4566 719 4630 suerunt
743 4564 933 4632 iohannem
957 4566 1070 4633 silium
1096 4567 1275 4652 quondam
1301 4569 1406 4654 petri;
1426 4571 1462 4634 et
1487 4589 1549 4655 per
1574 4569 1689 4655 ipsam
1713 4571 1884 4656 guadiam
1900 4573 2075 4658 obligavit
2098 4593 2135 4640 se
2152 4578 2187 4640 et
2203 4594 2284 4642 suos
2300 4575 2423 4642 eredes
2453 4650 2460 4663 ,

570 4717 695 4786 aarodo
720 4721 756 4784 et
780 4737 891 4824 usque
915 4721 990 4806 ipso
1016 4721 1248 4787 constitutum
1288 4690 1487 4809 conpletum
1515 4723 1743 4810 adinplerent
1782 4726 1889 4792 michi
1925 4727 2064 4812 meique
2103 4728 2365 4795 successoribus
2388 4732 2424 4794 et

567 4869 664 4953 parti
690 4869 801 4956 ipsius
825 4872 1033 4938 monasterii
1058 4875 1190 4947 omnia,
1209 4874 1302 4940 sicut
1326 4895 1435 4978 supra
1459 4876 1606 4961 legitur;
1625 4882 1704 4964 post
1727 4881 1928 4965 conpletum
1952 4881 2067 4965 ipsum
2092 4881 2321 4948 constitutum
2346 4881 2424 4967 ipsa

568 5023 763 5089 traditione
788 5020 901 5092 bacua
926 5023 1112 5092 remittant
1135 5029 1180 5094 ad
1204 5033 1415 5114 potestatem
1441 5033 1591 5116 predicti
1615 5035 1843 5110 monasterii,
1869 5038 1905 5101 et
1929 5035 1983 5102 illi
2007 5039 2043 5102 et
2067 5037 2209 5103 illorum
2233 5037 2357 5102 eredes
2380 5037 2423 5104 li-

567 5176 724 5244 centiam
749 5180 882 5244 abeant
906 5179 988 5246 indo
1015 5181 1139 5246 tollere
1163 5200 1283 5248 omnes
1308 5184 1452 5250 illorum
1477 5203 1616 5254 causas.
1644 5189 1793 5255 Tantum
1808 5191 1954 5288 labori,
1981 5189 2072 5277 quod
2095 5193 2187 5290 siin
2211 5194 2288 5277 ipsa
2312 5193 2424 5260 tradi·

567 5330 666 5398 tione
691 5332 753 5398 illo
777 5352 870 5400 anno
895 5335 1036 5418 quando
1062 5335 1136 5421 ipso
1160 5335 1398 5442 constitutum
1416 5340 1618 5424 conpletum
1643 5340 1764 5417 suerit,
1788 5341 2059 5418 seminaberint,
2086 5343 2268 5411 licentiam
2292 5347 2424 5411 abeant

568 5485 623 5552 illi
649 5491 685 5553 et
708 5489 852 5555 illorum
877 5491 1001 5556 erades
1025 5491 1087 5557 illo
1112 5464 1205 5558 anno
1230 5488 1291 5558 1011
1318 5491 1386 5582 ipsi
1409 5493 1524 5560 labori
1548 5494 1771 5580 recolligere,
1794 5499 1830 5562 et
1854 5497 1968 5582 ipsum
1992 5500 2216 5578 terraticum,
2237 5451 2276 5567 01
2298 5521 2424 5588 supra·

568 5640 741 5726 scriptum
766 5647 831 5750 est,
858 5662 903 5709 ex
928 5663 968 5710 eo
994 5645 1040 5710 ad
1066 5648 1203 5750 partem
1229 5647 1379 5730 predicti
1406 5651 1614 5718 monasterii
1638 5655 1779 5732 darent,
1806 5661 1842 5722 et
1865 5661 2010 5742 portent
2032 5659 2124 5727 illud
2148 5661 2193 5727 ad
2217 5663 2292 5746 ipso
2316 5664 2424 5731 cella-

569 5793 675 5873 rium,
703 5794 749 5860 ud
776 5795 910 5907 dictum
935 5801 1001 5874 est,
1027 5800 1064 5862 et
1086 5797 1137 5864 sic
1161 5799 1238 5884 ipsa
1262 5801 1410 5868 traditio
1435 5803 1623 5874 remittant
1646 5805 1691 5872 ad
1716 5811 1854 5893 partem
1879 5812 2031 5899 predicti
2055 5815 2292 5892 monasterii;
2318 5825 2355 5886 et
2378 5823 2424 5896 si,
