5372 7106
1019 517 1427 598 DlPLOMATlCUS
2030 523 2095 601 291

291 739 356 808 per
379 721 427 788 sit
450 721 489 789 in
512 723 688 810 potestate
711 721 823 810 ipsius
846 722 961 792 leonis
984 725 1021 790 et
1041 721 1216 790 heredum
1238 722 1328 799 eius;
1369 721 1415 788 Et
1437 719 1547 789 liceat
1569 721 1674 790 illum
1704 723 1743 790 61
1765 722 1843 790 6166
1866 721 2015 792 heredes
2040 727 2083 792 de
2106 743 2147 794 66

290 877 436 951 facere,
477 876 570 963 quod
597 877 789 944 voluerint.
816 879 861 944 st
882 879 1030 964 6666166
1053 847 1361 945 confirmationem
1384 875 1492 946 huius
1514 875 1730 945 venditionis
1764 876 1839 966 ipse
1863 877 2067 946 domnellus
2090 899 2148 948 su·

290 1029 403 1116 666611
426 1031 472 1098 ab
495 1031 572 1118 ipso
594 1032 696 1100 leone
719 1035 895 1101 statutum
919 1031 1076 1119 pretium
1100 1030 1181 1099 auri
1204 1029 1334 1098 solidos
1356 1030 1550 1118 sexaginta
1571 1049 1636 1099 sex
1659 1033 1696 1098 et
1719 1030 1938 1100 medium·in
1969 1033 2067 1100 omni
2091 1034 2152 1102 de-

291 1183 518 1252 liveratione.
544 1186 589 1250 Et
611 1203 675 1270 per
698 1184 985 1253 convenientiam
1007 1185 1083 1272 ipse
1105 1183 1310 1252 domnellus
1333 1183 1505 1271 guadiam
1528 1185 1597 1272 ipsi
1621 1181 1715 1252 leoni
1737 1183 1837 1253 dedit
1859 1187 1896 1252 61
1909 1185 2150 1256 fideiussorem

290 1335 323 1402 ei
345 1337 465 1422 posuit
488 1341 630 1423 petrum
654 1339 839 1407 notarium
861 1339 973 1406 lilium
997 1339 1176 1426 quondam
1200 1339 1396 1407 mansonis.
1421 1339 1467 1404 Et
1490 1356 1554 1424 per
1577 1337 1693 1426 ipsam
1717 1338 1890 1424 guadiam
1913 1340 2092 1426 obligavit
2115 1360 2153 1412 se

291 1490 328 1554 et
348 1505 431 1556 suos
454 1490 604 1558 heredes
625 1509 766 1579 semper
788 1491 979 1560 defendere
1001 1491 1071 1579 ipsi
1108 1490 1205 1558 leoni
1228 1489 1386 1557 61111166
1420 1488 1611 1557 heredibus
1648 1489 1832 1576 integrum
1870 1491 1962 1559 illud
1987 1492 2079 1578 quod
2103 1497 2152 1570 ei,

291 1641 386 1709 sicut
407 1661 518 1730 supra
540 1645 715 1731 scriptum
738 1648 819 1724 est,
859 1645 1090 1714 venumdedit
1112 1649 1158 1713 ab
1179 1644 1343 1713 omnibus
1365 1641 1582 1712 hominibus.
1624 1643 1669 1709 111
1691 1643 1822 1710 tribuit
1844 1643 2057 1720 licentiam,
2106 1647 2146 1713 ut

292 1796 434 1882 quando
458 1797 534 1886 ipse
556 1798 610 1867 leo
633 1803 762 1868 eteius
785 1799 934 1868 heredes
957 1801 1151 1900 voluerint,
1170 1799 1385 1886 potestatam
1409 1799 1569 1866 habeant
1585 1798 1678 1866 illud
1701 1817 1766 1885 per
1789 1817 1827 1866 se
1843 1799 2046 1878 defendere,
2061 1820 2151 1889 qua·

292 1947 376 2017 liter
398 1951 609 2032 voluerint,
634 1973 714 2022 cum
737 1953 902 2022 omnibus
924 1951 1183 2021 muniminibus
1206 1954 1243 2019 et
1266 1950 1495 2030 rationibus,
1531 1971 1621 2040 quas
1644 1952 1688 2020 de
1711 1970 1752 2020 eo
1775 1953 2013 2022 ostenderint.
2039 1957 2151 2034 Etsi,

290 2111 383 2179 sicut
403 2113 570 2198 superius
593 2076 769 2195 scripturn
792 2110 858 2185 est,
885 2107 961 2195 ipse
984 2107 1190 2175 dumnellus
1213 2107 1350 2174 eteius
1373 2105 1523 2174 heredes
1547 2107 1616 2194 ipsi
1640 2107 1735 2175 leoni
1773 2111 1810 2176 et
1832 2108 1934 2178 illius
1957 2111 2153 2180 heredibus

291 2287 363 2338 non
385 2265 689 2354 adimpleverint,
714 2265 752 2331 et
773 2259 1024 2349 suprascripta
1046 2263 1105 2328 vel
1129 2279 1176 2329 ex
1200 2261 1253 2328 eis
1277 2260 1471 2349 quicquam
1497 2278 1683 2328 removere
1707 2263 1772 2328 aut
1795 2261 2046 2330 contradicere
2071 2281 2153 2350 pre·

293 2421 538 2510 sumpserint,
577 2419 782 2506 peripsam
806 2415 978 2502 guadiam
1002 2414 1079 2502 ipse
1102 2413 1308 2482 dumnellus
1331 2411 1508 2498 obligavit
1529 2429 1567 2480 se
1591 2415 1628 2480 61
1650 2431 1732 2481 6666
1764 2415 1914 2484 heredes
1937 2435 2150 2505 componere

293 2577 361 2664 ipsi
383 2575 481 2642 leoni
504 2575 541 2640 et
563 2571 663 2641 illius
685 2570 875 2640 heredibus
898 2569 1043 2637 eentum
1066 2567 1148 2635 6661
1170 2565 1303 2635 6611166
1327 2565 1650 2643 6666166·11616666;
1668 2571 1717 2644 61,
1736 2567 1830 2635 61661
1852 2569 2018 2656 66666166
2041 2571 2156 2660 scrip·

293 2733 370 2798 tum
393 2731 459 2807 est,
485 2703 699 2815 adimplere.
726 2727 771 2793 111
794 2724 884 2792 duas
907 2723 1068 2790 cartulas
1092 2720 1198 2790 unius
1221 2719 1370 2797 tenoris,
1395 2720 1491 2788 hano
1515 2737 1624 2808 quam
1646 2719 1722 2807 ipse
1743 2721 1801 2789 leo
1825 2721 1983 2802 retinet,
2006 2727 2044 2791 et
2066 2726 2156 2794 alte·

296 2905 373 2955 ram
397 2886 473 2973 ipse
496 2882 713 2960 dumnellus,
740 2883 775 2948 te
798 2876 1025 2946 romualdum
1048 2875 1229 2944 notarium
1253 2874 1315 2962 661
1338 2872 1534 2943 interfuisti
1557 2873 1716 2941 scribere
1740 2875 1898 2962 precepi.

339 3043 368 3136 †
390 3045 468 3128 ligo
490 3037 552 3129 qui
573 3053 686 3126 supra
708 3033 914 3104 romoaldus
936 3030 1060 3100 iudex.

1047 3413 1408 3498 MGCXXVII

1080 3666 1140 3740 A.
1167 3661 1226 3736 D.
1255 3660 1381 3738 1056

340 3947 431 4040 †ln
454 3944 598 4014 nomine
621 3936 754 4010 domini
792 3935 1057 4026 quintodecimo
1093 3953 1186 4002 anno
1210 3932 1433 4020 principibus
1466 3930 1604 4000 salerni
1638 3930 1759 3998 domni
1794 3929 1911 3997 nostri
1935 3929 2059 3997 Gisuld
2083 3932 2160 4017 glo-

297 4104 384 4173 riosi
407 4099 606 4191 principis,
631 4113 753 4164 mense
775 4091 933 4180 aprilis,
958 4106 1055 4158 nona
1076 4083 1279 4156 indictione.
1306 4085 1386 4153 Ideo
1411 4082 1473 4172 qui
1495 4102 1563 4170 ego
1587 4101 1669 4152 urso
1693 4083 1788 4151 illius
1812 4082 1999 4171 quondam
2025 4084 2158 4162 nicola,

297 4259 359 4347 qui
380 4275 460 4324 sum
483 4253 727 4322 commorante
750 4251 789 4317 in
812 4247 943 4322 locum,
968 4241 1198 4330 6616661116
1222 4239 1369 4317 dicitur,
1394 4240 1515 4306 actum
1538 4237 1993 4324 61166166,661666166616
2016 4238 2157 4306 16161-

296 4411 520 4488 sericordia,
561 4407 765 4494 compulsus
787 4421 865 4470 sum
889 4401 987 4468 besto
1009 4397 1127 4466 666611
1150 4394 1323 4464 moniales
1347 4396 1538 4482 accipere,
1575 4395 1613 4462 et
1635 4413 1701 4480 666
1731 4393 1946 4461 allocutione
1982 4396 2156 4461 bonorum

297 4567 479 4638 hominum
500 4568 538 4633 et
560 4581 639 4632 mee
662 4578 751 4628 vene
775 4555 983 4631 boluntatis,
1009 4552 1133 4621 taliter
1155 4553 1234 4628 1611,
1261 4555 1301 4617 61
1324 4551 1403 4638 ipsa
1424 4547 1619 4617 sortionem
1642 4567 1749 4627 mea,
1786 4568 1856 4636 que
1880 4548 1990 4616 michi
2013 4547 2159 4615 contin·

297 4721 352 4810 git
374 4722 412 4789 in
435 4722 511 4809 1666
536 4719 656 4786 66616
679 4715 723 4783 16
761 4712 894 4780 6116616
918 4711 955 4776 61
977 4711 1078 4776 terra
1102 4725 1192 4792 cupc
1217 4705 1304 4772 flant
1326 4723 1390 4792 per
1414 4723 1470 4772 66
1494 4705 1684 4773 hoffertum
1719 4701 1758 4770 in
1781 4705 1905 4770 sancto
1929 4702 2155 4788 Archangelo

298 4879 510 4946 monasterio
532 4873 576 4941 de
599 4861 719 4938 monte
741 4867 898 4941 cilentc;
939 4867 1057 4931 tamen
1082 4861 1183 4929 modo
1206 4859 1376 4934 declaro,
1401 4855 1488 4944 quia
1510 4856 1644 4922 fratres
1668 4854 1750 4932 duo,
1776 4855 1878 4922 cuius
1902 4853 2050 4922 nomina
2073 4856 2160 4922 sunt

298 5034 418 5101 amato
441 5032 478 5097 et
500 5029 569 5102 166,
593 5030 630 5094 61
652 5024 755 5092 6616
778 5039 844 5109 per
867 5019 1012 5086 illorum
1036 5013 1360 5090 combenientiam,
1385 5011 1480 5080 sicut
1502 5011 1650 5078 illorum
1674 5009 1890 5097 placavilem
1913 5009 1995 5086 1611,
2021 5009 2161 5079 remisit

299 5205 365 5274 ego
388 5187 441 5253 eis
463 5181 578 5252 omnis
601 5181 708 5247 rebus
731 5193 812 5244 mea
835 5171 966 5240 movile
990 5175 1027 5237 et
1042 5168 1321 5244 inmobentibus,
1340 5168 1516 5254 quantum
1541 5168 1747 5254 quantoque
1773 5185 1828 5231 me
1856 5163 1953 5232 visus
1977 5163 2029 5231 161
2052 5165 2161 5232 abere

299 5359 363 5429 per
386 5343 464 5408 tota
485 5335 614 5405 flnibus
636 5329 808 5408 lucanie,
846 5331 883 5396 et
906 5326 975 5415 ipsi
999 5324 1151 5413 predicti
1175 5323 1245 5392 mei
1268 5322 1435 5410 germani
1458 5321 1627 5390 similiter
1650 5315 1866 5390 remiserunt
1889 5319 1999 5386 michi
2022 5317 2156 5386 medic-

299 5499 411 5566 tatem
435 5495 479 5562 de
502 5494 579 5560 1616
602 5487 776 5558 16611616
812 5486 919 5552 rebus
941 5481 985 5550 de
1008 5479 1091 5567 ipso*
1108 5497 1208 5547 mons
1230 5478 1275 5546 de
1298 5477 1456 5554 cilento,
1492 5476 1544 5544 sic
1568 5477 1689 5542 tamen
1724 5471 1825 5542 niodo
1864 5475 2039 5560 quantum
2079 5476 2159 5560 ipsa

300 5653 406 5719 rebus
428 5648 472 5716 de
494 5645 656 5728 predicte
678 5659 781 5710 mons
804 5639 916 5708 michi
939 5636 1104 5714 atbenit,
1144 5637 1222 5704 tcta
1244 5637 1283 5702 et
1304 5633 1434 5702 inclita
1455 5632 1520 5701 flat
1541 5631 1585 5699 de
1608 5627 1778 5698 iamdicto
1802 5628 2020 5697 monasterio
2044 5625 2160 5694 sancti

301 5801 485 5877 michaelis
508 5795 720 5884 archangeli
738 5822 748 5877 3
787 5799 824 5864 61
846 5793 989 5884 666616
1013 5808 1156 5862 neeesse
1178 5789 1353 5860 maritat
1376 5787 1492 5875 16666
1517 5788 1682 5856 abbatem
1704 5831 1711 5863 ,
1736 5783 1794 5852 vel
1817 5785 1857 5851 at
1878 5800 1961 5852 suos
1983 5795 2162 5848 successo-
