5372 7106
636 493 713 570 Alb
1281 491 1458 568 CODEX
1496 488 1758 567 GAvsllsls

587 689 704 758 dimus
727 688 905 758 fideliores
927 691 965 757 et
986 688 1025 756 in
1049 691 1170 758 nostro
1192 688 1339 758 servitio
1363 689 1626 777 promptiores,
1666 690 1703 755 et
1725 691 1865 757 ceteras
1886 707 1930 758 ea
1953 704 2022 774 que
2046 690 2327 758 benefecerimus
2350 689 2448 760 arbi·

584 845 700 910 tratos
722 842 864 910 fidelius
886 842 1020 912 nostris
1043 842 1187 911 obedire
1209 841 1403 931 preceptis:
1419 841 1554 912 Idcirco
1577 863 1642 931 per
1664 843 1910 912 interventum
1931 841 2060 910 domne
2074 858 2214 928 gemme
2229 839 2443 926 principisse

585 997 775 1066 karissime
797 997 991 1085 genetricis
1014 1001 1135 1067 nostre
1158 999 1410 1067 confirmamus
1434 996 1532 1066 vobis
1554 1001 1656 1084 petro
1679 995 1811 1065 clerico
1832 993 1905 1062 filio
1929 994 2104 1082 quondam
2129 993 2277 1071 desidet,
2295 997 2333 1060 et
2348 1011 2448 1062 ama·-

585 1153 623 1218 to
643 1151 715 1219 filio
740 1150 919 1238 quondam
944 1153 1071 1230 amati,
1097 1155 1134 1219 et
1156 1153 1319 1230 iohanni,
1337 1154 1375 1220 et
1396 1156 1511 1240 petro,
1537 1154 1575 1219 ot
1599 1151 1781 1219 romoaldo
1803 1149 1869 1218 tllii
1893 1149 2072 1236 quondam
2089 1149 2184 1236 petri
2209 1147 2442 1225 vicecomitis,

585 1308 624 1372 at
646 1305 787 1375 desideo
811 1305 951 1373 notario
974 1307 1047 1373 lilio
1071 1307 1249 1394 quondam
1275 1307 1475 1384 romoaldi,
1507 1308 1545 1374 et
1567 1309 1668 1393 petro
1702 1305 1844 1373 notario
1866 1305 1939 1374 tilio
1963 1303 2141 1392 quondam
2165 1302 2374 1380 mansonis,
2407 1304 2445 1368 et

583 1462 764 1529 romoaldo
786 1462 856 1530 illio
880 1463 1059 1550 quondam
1083 1461 1257 1530 romoaldi
1273 1463 1414 1539 notarii,
1433 1465 1472 1528 et
1492 1464 1594 1548 petro
1616 1460 1692 1528 ulio
1716 1458 1895 1546 quondam
1921 1477 2016 1536 urso,
2042 1462 2080 1526 et
2103 1457 2252 1526 iohanni
2283 1455 2445 1526 balnensi

546 1576 551 1588 Ι
584 1616 659 1684 ulio
684 1617 861 1704 quondam
886 1587 1040 1686 maraldi
1066 1615 1208 1684 dilectis
1225 1615 1392 1684 fidelibus
1416 1615 1548 1684 nostris
1572 1615 1734 1701 integras
1772 1619 1890 1684 terras
1920 1615 2019 1682 vobis
2053 1613 2316 1701 pertinentibus
2354 1615 2443 1680 foris

584 1772 653 1839 'nae
676 1770 829 1840 civitate
853 1772 891 1839 in
916 1774 993 1840 loco
1017 1771 1180 1840 tusciano
1204 1771 1271 1838 illa
1294 1789 1379 1858 pars
1402 1770 1478 1856 ipso
1503 1771 1609 1838 fluvio
1634 1789 1698 1857 per
1721 1770 1877 1857 gradum
1900 1767 2146 1845 successionis,
2163 1771 2200 1836 et
2223 1786 2288 1854 per
2303 1769 2444 1834 nostras

585 1923 759 2001 rationes,
785 1943 874 2010 quas
899 1923 1036 1994 actores
1061 1927 1183 1992 nostre
1206 1925 1404 2011 reipublice
1427 1923 1560 1992 iniuste
1584 1923 1813 1992 abstulerunt
1835 1923 1984 1990 actenus
2007 1923 2119 1998 vobis,
2145 1939 2192 1989 ex
2216 1921 2346 2007 quibus
2370 1921 2444 2006 pri-

592 2057 686 2146 mam
710 2079 861 2164 peciam,
886 2079 986 2147 intra
1009 2098 1117 2166 quam
1140 2077 1294 2147 ecclesia
1317 2077 1434 2146 sancti
1459 2076 1566 2145 blasii
1590 2079 1799 2145 constructa
1823 2079 1889 2154 est,
1915 2093 1980 2164 per
2004 2076 2092 2142 fines
2115 2077 2153 2142 et
2176 2092 2388 2143 mensuras:
2414 2075 2445 2139 A

587 2236 691 2321 parte
712 2234 905 2302 occidentis
929 2233 1008 2302 finis
1032 2235 1103 2312 via,
1129 2237 1166 2302 et
1188 2233 1284 2322 passi
1307 2233 1490 2301 ducentos:
1516 2233 1547 2296 A
1569 2232 1673 2316 parte
1696 2229 1961 2317 septemtrionis
1984 2231 2039 2296 est
2061 2229 2142 2295 linis
2166 2229 2238 2305 via,
2272 2246 2341 2315 qus
2365 2245 2446 2315 per-

585 2387 642 2476 git
663 2390 765 2456 iuxta
789 2405 846 2455 res
869 2389 1018 2456 ecclesie
1040 2388 1158 2456 sancti
1181 2387 1367 2464 vincentii,
1393 2390 1429 2456 et
1451 2388 1546 2474 passi
1569 2387 1740 2455 ducentos
1765 2385 1953 2472 octaginta
1974 2402 2063 2450 sex:
2101 2384 2132 2450 A
2154 2383 2260 2469 parte
2283 2381 2436 2450 orientis

586 2535 641 2610 est
662 2542 742 2610 finis
765 2543 836 2618 via,
862 2545 899 2609 et
920 2542 1016 2629 passi
1040 2543 1210 2610 ducentos
1227 2542 1443 2628 triginta:A
1468 2544 1573 2627 parte
1598 2540 1748 2608 meridie
1772 2543 1827 2608 est
1840 2539 1921 2607 finis
1947 2541 2084 2606 terram
2099 2540 2272 2615 nostram,
2290 2539 2328 2606 et
2341 2536 2438 2624 passi

585 2696 757 2767 ducentos
779 2699 1025 2786 septuaginta.
1051 2697 1213 2766 Secunda
1236 2698 1354 2766 estin
1377 2697 1500 2765 eodem
1523 2698 1614 2776 looo,
1639 2695 1697 2765 ubi
1714 2695 1857 2784 proprie
1873 2641 2047 2782 ,capillati
2070 2693 2215 2770 dicitur,
2234 2712 2297 2780 per
2312 2693 2394 2761 finis
2409 2698 2446 2760 et

588 2871 784 2922 mensuras:
811 2855 840 2920 A
864 2856 968 2940 parte
990 2852 1140 2921 orientis
1162 2853 1243 2921 finis
1265 2853 1326 2919 via
1350 2871 1419 2938 que
1453 2850 1554 2918 ducit
1591 2850 1637 2918 ad
1659 2853 1824 2918 sanetum
1847 2853 1984 2918 storum
2003 2897 2011 2927 ,
2051 2852 2088 2918 et
2110 2849 2207 2936 passi
2230 2848 2447 2935 quingentos

585 3007 796 3093 octogintar
834 3007 866 3072 A
889 3024 974 3092 pars
996 3005 1146 3072 meridie
1169 3009 1224 3073 est
1246 3004 1327 3072 finis
1351 3008 1450 3072 terra
1473 3003 1587 3071 nostri
1609 3003 1705 3072 sacri
1728 3004 1881 3091 palatii,
1916 2993 2072 3089 et'passi
2095 3003 2266 3070 ducentos
2290 3001 2445 3086 triginta

586 3177 665 3228 sex:
690 3161 721 3226 A
744 3161 849 3246 parte
871 3157 1065 3226 occidentis
1088 3160 1143 3226 est
1165 3159 1245 3226 fluis
1270 3157 1355 3236 via,
1381 3161 1418 3225 et
1440 3159 1536 3246 passi
1560 3157 1774 3244 quingentos
1800 3157 1957 3243 viginti:
1998 3159 2029 3222 A
2052 3159 2156 3244 parte
2179 3155 2447 3242 septemtrionis

585 3317 670 3382 sunt
692 3313 787 3400 passi
810 3313 944 3380 decem.
970 3313 1092 3380 Tertia
1114 3311 1228 3379 estin
1251 3311 1375 3380 eodem
1397 3314 1474 3379 loeo
1498 3331 1562 3398 per
1585 3314 1673 3382 fines
1696 3317 1733 3380 et
1756 3331 1970 3380 mensuras:
1997 3313 2026 3380 A
2050 3313 2153 3398 parte
2175 3310 2443 3398 septemtrionis

586 3469 641 3539 est
663 3466 744 3534 linis
768 3466 855 3544 via,
878 3469 916 3535 et
938 3467 1034 3553 passi
1056 3466 1227 3534 ducentos
1249 3469 1449 3553 nonaginta
1471 3469 1574 3535 octo:
1600 3467 1630 3533 A
1653 3469 1757 3553 parts
1780 3467 1975 3535 occidentis
1998 3468 2052 3534 est
2074 3449 2155 3534 linis
2179 3467 2259 3542 via,
2297 3484 2367 3553 que
2388 3468 2443 3533 ost

582 3621 683 3690 inter
705 3624 799 3690 bano
823 3623 960 3689 terram
984 3623 1022 3688 et
1043 3623 1179 3690 terram
1201 3619 1319 3689 sancti
1341 3621 1464 3709 petri,
1488 3640 1556 3709 quo
1579 3622 1617 3690 in
1639 3623 1763 3689 eodem
1786 3621 1863 3690 loco
1903 3624 2102 3690 constructa
2127 3623 2205 3698 est,
2231 3621 2269 3689 et
2290 3619 2447 3708 pertinet

586 3779 706 3846 nostro
730 3777 832 3844 sa'cro
855 3775 1018 3862 palatio,
1043 3777 1080 3844 et
1104 3775 1199 3862 passi
1223 3778 1367 3845 eentum
1390 3775 1601 3860 octoginta:
1627 3794 1649 3843 a
1671 3776 1776 3863 parte
1798 3774 1947 3844 meridie
1970 3774 2051 3842 fluis
2075 3776 2135 3842 via
2158 3775 2335 3863 antiqua,
2376 3795 2446 3864 que

588 3930 721 4001 dieitur
744 3931 792 3998 da
815 3933 853 3998 la
876 3931 1102 4008 Antennara‚
1128 3933 1165 3998 et
1187 3929 1283 4017 passi
1306 3932 1450 3998 centum
1474 3928 1627 4015 triginta
1652 3927 1721 3997 duo
1740 3953 1748 4008 ;
1772 3931 1810 3996 et
1833 3929 1985 3996 revolvit
2008 3927 2047 3995 in
2070 3927 2186 4016 ipsam
2211 3932 2352 4016 partem
2378 3949 2450 4000 me*

587 4085 679 4154 ridie
701 4104 766 4172 per
789 4085 904 4172 ipsam
928 4085 1024 4152 viam
1048 4083 1145 4171 passi
1168 4083 1367 4168 nonaginta
1387 4085 1468 4184 outo
1482 4131 1501 4184 ’,ἵ
1515 4083 1575 4184 *et
1591 4083 1746 4183 resoluit
1765 4081 1805 4150 in
1827 4085 1934 4171 parte
1955 4083 2106 4154 orientis
2129 4102 2232 4154 secus
2256 4101 2313 4152 res
2336 4085 2449 4156 eccle·

585 4241 637 4308 sie
659 4240 777 4307 saneti
800 4238 908 4326 petri,
933 4257 1002 4325 que
1025 4237 1184 4325 pertinet
1205 4235 1442 4326 suprascripti
1466 4236 1580 4307 nostri
1602 4239 1698 4306 sacri
1721 4237 1863 4324 palatii,
1887 4237 2050 4325 passibus
2075 4239 2275 4327 nonaginta
2306 4257 2386 4308 sex:
2412 4243 2452 4310 et

585 4393 738 4462 revolvit
760 4393 798 4459 in
822 4392 901 4480 ipsa
915 4395 1019 4480 parte
1043 4375 1207 4460 meridiei
1225 4411 1313 4478 erga
1335 4403 1393 4460 res
1416 4391 1527 4479 ipsius
1551 4390 1725 4470 ecclesie,
1761 4391 1924 4478 passibus
1946 4394 2090 4462 centum
2114 4392 2372 4480 quadraginta.
2404 4398 2452 4463 st

588 4549 741 4618 revolvit
764 4552 802 4614 in
826 4548 905 4635 ipsa
926 4551 1027 4634 parte
1050 4547 1200 4615 orientis
1224 4549 1361 4614 rectum
1386 4565 1475 4635 erga
1499 4565 1556 4615 res
1579 4546 1816 4634 suprascripti
1840 4547 1953 4615 nostri
1976 4547 2071 4616 sacri
2095 4545 2251 4634 palatii,
2282 4547 2452 4635 passibus

586 4705 728 4772 eentum
752 4699 895 4788 viginti.
936 4703 981 4768 st
1003 4700 1157 4769 revolvit
1178 4701 1218 4770 in
1240 4703 1345 4790 parte
1368 4699 1519 4770 meridie
1542 4703 1681 4770 rectum
1719 4719 1810 4788 erga
1833 4720 1890 4770 res
1912 4697 2024 4788 ipsius
2048 4702 2163 4770 nostri
2192 4703 2289 4770 sacri
2313 4704 2449 4790 palatii

588 4875 709 4947 passos
733 4861 877 4926 centum
900 4855 1066 4943 triginta.
1107 4857 1153 4924 Et
1175 4858 1328 4926 revolvit
1349 4857 1388 4926 in
1412 4859 1490 4944 ipsa
1515 4858 1620 4943 parto
1657 4855 1805 4928 orientis
1843 4855 1948 4926 iuxta
1978 4876 2036 4926 res
2058 4857 2168 4945 ipsius
2206 4855 2300 4926 sacri
2332 4859 2450 4929 nostri

587 5012 729 5101 palatii,
745 5015 882 5080 rectum
897 5014 1070 5099 pergente
1093 5029 1207 5100 usque
1230 5014 1270 5082 in
1291 5012 1393 5081 illum
1416 5015 1532 5081 locum
1556 5011 1651 5102 quod
1673 5011 1808 5081 dicitur
1832 5013 2038 5082 bolutabblo
2060 5013 2104 5082 de
2128 5013 2156 5080 li
2172 5014 2352 5102 capilluti,
2370 5033 2454 5103 pas·

588 5169 687 5236 sibus
709 5171 887 5236 trecentos
912 5169 1096 5255 quattuor.
1136 5167 1190 5234 Ab
1213 5166 1293 5256 ipsa
1315 5169 1419 5254 parte
1441 5165 1592 5235 orientis
1614 5167 1669 5235 est
1690 5165 1768 5234 flnis
1791 5165 1874 5243 via,
1905 5167 1943 5234 et
1965 5168 2102 5234 rectum
2127 5167 2326 5236 mensurati
2349 5167 2454 5235 intra

588 5321 702 5409 ipsam
727 5324 862 5389 terram
885 5339 995 5408 prope
1017 5321 1133 5408 ipsam
1158 5320 1266 5398 viam,
1291 5336 1411 5408 passos
1435 5320 1605 5388 ducentos
1628 5319 1896 5409 quadraginta3
1920 5324 1958 5389 et
1981 5322 2134 5390 revolvit
2155 5321 2193 5389 in
2216 5323 2321 5408 parte
2344 5323 2453 5410 quasi

589 5475 771 5545 occidente
794 5475 899 5544 iuxta
921 5493 980 5545 res
1003 5479 1156 5556 nostras,
1174 5475 1335 5564 passibus
1357 5466 1538 5545 trecentos
1560 5475 1679 5545 decem
1703 5477 1741 5544 ot
1762 5477 1855 5546 octo.
1881 5477 1926 5544 ut
1949 5476 2101 5544 revolvit
2115 5476 2154 5544 in
2170 5479 2273 5562 parte
2294 5479 2457 5564 septem-

462 5673 466 5680 ,
589 5631 717 5702 trionis
738 5651 827 5718 erga
850 5649 908 5700 res
931 5631 1095 5710 nostras,
1131 5631 1228 5718 passi
1250 5603 1443 5717 sexaginta
1464 5647 1542 5698 sex.
1578 5633 1616 5698 et
1638 5630 1792 5732 revolvit
1817 5629 1854 5699 in
1892 5629 1972 5718 ipsa
1995 5633 2098 5718 parte
2136 5629 2332 5700 occidentis
2355 5648 2452 5717 erga

588 5803 645 5855 res
667 5788 731 5854 tua
753 5785 847 5873 petri
872 5783 1019 5865 clerici,'
1033 5784 1197 5873 passibus
1218 5783 1415 5872 octoginta.
1435 5785 1481 5853 Et
1504 5783 1659 5855 revolvit
1680 5784 1718 5854 in
1741 5784 1820 5873 ipsa
1843 5787 1947 5873 parte
1968 5785 2234 5872 septemtrionis
2265 5803 2367 5854 secus
2389 5805 2459 5855 res
