5398 7106
988 501 1394 577 ulrtbttsftcus
1927 527 1930 532 ·
1996 508 2061 580 2Ίῖ

257 695 434 768 undecim,
461 695 515 762 Ab
536 695 675 763 oriente
698 697 792 782 passi
810 695 992 784 quattuor.
1017 701 1054 764 et
1077 699 1231 764 rebolbt
1254 699 1356 784 quasi
1380 697 1418 766 in
1443 702 1543 786 parte
1559 697 1752 766 occidentis
1768 717 1832 786 per
1850 699 1996 769 termini
2013 720 2102 788 quos

255 847 305 916 ibi
327 845 483 927 fiximus,
510 868 631 938 passos
655 847 787 936 biginti
810 851 967 938 quinque
991 851 1028 916 et
1051 851 1224 926 cubitum,
1244 867 1352 938 usque
1376 850 1492 918 media
1516 850 1629 918 reiale
1653 849 1699 918 da
1722 852 1825 938 parte
1849 850 2012 930 meridie,
2039 873 2110 941 que

254 1007 308 1072 est
332 1003 371 1071 in
394 1004 512 1072 media
535 1005 615 1091 ipsa
638 1023 723 1074 oasa
746 1005 908 1082 fabrita;
948 1007 985 1072 et
1008 1005 1135 1072 abinde
1161 1007 1387 1072 trabersante
1411 1023 1474 1091 per
1498 1004 1617 1073 media
1640 1005 1719 1091 ipsa
1742 1024 1850 1082 casa,
1877 1011 1914 1074 et
1938 1011 2110 1094 pergente

255 1161 391 1226 rectum
416 1158 453 1227 in
477 1161 581 1246 parte
605 1155 882 1244 septemtrionis,
907 1161 944 1226 et
967 1157 1108 1226 abiecte
1134 1177 1243 1246 usque
1266 1157 1399 1236 inbia,
1425 1161 1571 1247 quaest
1595 1159 1633 1226 in
1656 1159 1734 1246 ipsa
1758 1164 1861 1248 parte
1885 1162 2109 1249 septemtrio-

253 1313 319 1389 nis,
345 1313 441 1400 passi
464 1317 589 1381 sex-et
611 1313 772 1381 cubitum
796 1317 832 1380 et
855 1315 1058 1381 baracenm.
1085 1314 1115 1380 A
1139 1313 1388 1403 septemtrione
1411 1314 1492 1383 finis
1508 1314 1586 1402 ipsa
1610 1315 1677 1394 via,
1697 1315 1793 1403 passi
1818 1318 1976 1406 quinque
1996 1335 2108 1404 usque

253 1467 325 1534 alia
351 1469 421 1543 bia3
448 1471 477 1536 A
502 1472 605 1556 parte
628 1466 824 1536 occidentis
847 1470 915 1536 dne
939 1471 1017 1556 ipsa
1041 1469 1115 1537 alia
1141 1469 1209 1545 bia,
1228 1469 1323 1556 passi
1347 1470 1500 1556 triginta
1524 1471 1707 1557 quattuor.
1734 1471 1781 1536 De
1806 1429 1918 1537 ¹totum
1942 1470 2030 1538 istut
2054 1470 2103 1540 fe-

253 1621 365 1688 cimus
389 1639 465 1688 esse
490 1618 643 1709 primam
667 1623 859 1690 sortionem
884 1641 964 1690 cum
990 1623 1179 1690 medietate
1205 1621 1282 1709 ipsa
1306 1641 1391 1690 casa
1414 1622 1453 1689 in
1477 1621 1555 1708 ipsa
1578 1625 1681 1709 parte
1704 1623 1922 1701 occident's3
1961 1627 1997 1690 et
2025 1597 2110 1692 cum

255 1775 330 1840 biee
353 1775 397 1841 de
423 1775 496 1860 ipse
520 1780 587 1864 vie:
612 1777 727 1862 Ipsam
751 1777 883 1842 sortem
907 1773 954 1842 da
977 1777 1080 1862 parte
1102 1774 1252 1842 orientis
1275 1794 1339 1862 per
1361 1776 1447 1842 fines
1470 1777 1507 1841 et
1531 1793 1746 1842 mensuras:
1773 1779 1802 1841 A
1827 1780 1930 1862 parte
1955 1781 2111 1864 septem-

254 1910 381 1999 trionis
405 1935 474 1997 fine
498 1931 575 2018 ipsa
600 1931 659 2000 bia
681 1931 780 2000 intus
805 1935 882 2020 ipsa
906 1949 975 2008 res,
1001 1949 1091 2016 erga
1114 1931 1192 2018 ipsa
1213 1948 1308 2016 sepe,
1335 1929 1532 1997 mensurati
1555 1931 1651 2016 passi
1674 1929 1796 2020 decem
1819 1933 1856 1998 et
1879 1934 1957 1998 octo
1982 1934 2019 1998 et
2042 1952 2111 2018 gu-

254 2084 365 2152 bitum
389 2095 426 2152 et
450 2086 586 2191 planta.
613 2087 643 2152 A
667 2089 770 2172 parte
786 2084 936 2169 orientis
959 2085 1028 2152 fine
1052 2082 1169 2152 media
1192 2101 1286 2170 sape,
1305 2081 1399 2171 passi
1418 2081 1547 2168 biginti
1570 2082 1652 2149 duo:
1679 2081 1874 2150 Ameridie
1898 2086 1935 2150 et
1959 2103 1982 2150 a
1997 2087 2105 2171 parte

252 2235 446 2305 occidentis
469 2241 524 2305 est
546 2237 628 2306 finis
652 2238 732 2324 ipsa
756 2203 874 2327 prima
896 2238 1081 2317 sortione,
1107 2237 1200 2306 sicut
1223 2237 1290 2324 ipsi
1315 2237 1461 2305 termini
1483 2238 1547 2304 dxi
1571 2240 1678 2315 sunt,
1714 2241 1752 2306 et
1774 2243 1828 2306 est
1850 2259 1915 2327 per
1947 2245 2010 2308 toti
2036 2243 2109 2329 ipse

252 2391 378 2479 partis,
406 2410 515 2479 usque
539 2391 693 2460 medium
719 2391 833 2479 ipsum
859 2355 970 2460 reiale
993 2392 1037 2460 de
1060 2392 1136 2480 ipsa
1159 2409 1244 2459 casa
1267 2390 1427 2468 fabrita,
1468 2409 1589 2477 passos
1605 2355 1743 2477 'biginti
1768 2359 1926 2480 quinque
1952 2396 1989 2460 et
2012 2397 2111 2462 cubi-

252 2551 354 2623 tum,
380 2549 415 2612 et
437 2512 584 2633 da'ipso
608 2547 720 2615 reiale
744 2549 974 2615 trabersanto
999 2547 1077 2634 ipsa
1100 2565 1210 2622 casa,
1237 2549 1375 2613 rectum
1400 2544 1438 2612 in
1462 2549 1567 2631 parte
1590 2541 1877 2634 septemtrionis,
1903 2549 1940 2614 et
1963 2547 2108 2650 abiente

253 2721 362 2789 nsque
386 2701 509 2800 ipsam
525 2703 620 2771 biam
644 2702 691 2770 da
715 2702 792 2788 ipsa
815 2707 919 2790 parte
942 2701 1220 2788 septemtrionis,
1245 2701 1342 2787 passi
1365 2719 1429 2767 sex
1452 2703 1489 2766 et
1512 2700 1673 2768 cubitum
1698 2702 1734 2767 et
1759 2665 1964 2770 baraccurn.
1991 2705 2038 2770 De
2056 2705 2109 2771 to·

251 2863 326 2926 tum
351 2858 441 2925 istut
464 2856 614 2924 fecimus
638 2875 713 2924 esse
736 2856 927 2924 secundam
949 2859 1082 2922 sortem
1107 2875 1188 2922 cum
1215 2854 1409 2921 medietate
1434 2854 1512 2940 ipsa
1536 2872 1621 2920 casa
1645 2855 1779 2924 fabrita
1802 2855 1841 2922 in
1864 2861 1968 2942 parte
1991 2857 2110 2924 orien-

250 3012 308 3089 tis,
333 3017 370 3079 et
392 2995 481 3080 cum'
499 2968 576 3078 bice
600 3011 644 3078 de
668 3013 742 3096 ipsa
768 3010 836 3078 bie.
863 3013 937 3097 Ipse
960 3010 1146 3096 scriptum,
1161 3029 1268 3097 quarn
1293 3009 1371 3094 ipsa
1395 3009 1478 3079 biba
1501 3010 1668 3090 ostendit,
1682 3011 1854 3080 continet.
1882 3015 1957 3098 Ego
1975 2996 2122 3081 mulier·

106 3183 112 3199 ·
250 3165 389 3233 nomine
413 3166 496 3234 biba
519 3165 594 3232 filia
618 3165 750 3240 basilii,
777 3165 905 3233 relicta
928 3164 1042 3232 leonis
1064 3165 1130 3232 filii
1155 3159 1275 3232 basilii
1297 3183 1454 3251 grecus,
1480 3165 1586 3233 divisi
1611 3185 1682 3232 una
1706 3167 1809 3252 pecia
1832 3168 1876 3234 de
1901 3172 2000 3235 terra
2024 3189 2105 3236 cum

250 3323 358 3390 binea
380 3324 416 3388 et
440 3324 591 3389 baouum
616 3325 653 3388 et
675 3321 787 3424 pomis
812 3321 855 3388 de
879 3321 995 3389 locum
1021 3320 1181 3395 uliaria,
1222 3339 1329 3406 quam
1354 3320 1391 3387 in
1415 3319 1511 3387 socia
1535 3322 1783 3407 comprehensi
1806 3321 1852 3390 ad
1876 3321 2125 3390 dividendum

250 3495 273 3544 a
296 3477 398 3562 petro
420 3477 457 3542 et
480 3477 572 3542 falco
596 3474 761 3561 germani
785 3473 852 3542 filii
876 3473 1056 3560 qnondam
1082 3473 1246 3540 iohannis
1270 3475 1446 3550 bellense,
1472 3476 1509 3542 et
1533 3473 1601 3541 feci
1624 3474 1757 3542 exinde
1780 3475 1849 3542 due
1871 3476 2008 3554 sortis3
2037 3497 2109 3545 una

251 3634 290 3699 in
315 3632 419 3715 parte
442 3629 618 3705 orientis,
645 3631 682 3696 et
705 3629 778 3696 alia
802 3627 841 3696 in
864 3630 964 3714 parte
986 3625 1203 3696 occidentis,
1220 3629 1335 3714 ipsam
1359 3631 1489 3695 sortem
1513 3626 1560 3695 da
1583 3631 1686 3715 parte
1710 3629 1859 3697 orientis
1883 3630 1951 3698 feci
1978 3651 2042 3718 per
2066 3632 2106 3700 fi-

250 3807 315 3855 nes
339 3792 377 3853 et
400 3803 598 3854 mensuras:
625 3787 680 3852 Ab
702 3782 842 3853 oriente
865 3785 936 3851 fine
960 3784 1080 3852 media
1102 3803 1211 3870 sepe,
1250 3785 1287 3851 et
1310 3783 1405 3869 passi
1430 3783 1552 3850 decem
1576 3785 1612 3851 et
1636 3785 1762 3852 nobem
1790 3788 1826 3852 et
1850 3785 2034 3854 medium:
2071 3791 2102 3854 A

252 3941 508 4028 septemtrione
523 3941 593 4009 dne
609 3941 669 4009 bia
684 3942 722 4008 et
736 3957 819 4027 sepe
834 3938 933 4007 intus
949 3937 1027 4026 ipsa
1043 3955 1112 4016 rec,
1131 3937 1236 4004 iuxta
1251 3938 1329 4024 ipsa
1341 3917 1436 4024 sepe,
1453 3956 1572 4024 passos
1588 3937 1844 4026 quadraginta.
1856 3942 1910 4007 Ab
1924 3941 2107 4009 occidente

247 4098 318 4166 fine
343 4096 418 4164 alia
440 4101 548 4174 sorte,
573 4095 669 4184 passi
693 4095 857 4163 tridecim
881 4097 918 4162 et
940 4093 1100 4163 cubitum
1123 4095 1160 4160 et
1182 4095 1342 4181 palmum
1366 4095 1402 4160 et
1425 4094 1570 4181 planta:
1596 4094 1626 4159 A
1650 4094 1800 4163 meridia
1822 4096 1892 4163 dne
1916 4060 2033 4165 media
2055 4115 2109 4166 se-

248 4270 319 4338 pe,
358 4250 455 4338 passi
479 4249 737 4336 quadraginta.
763 4247 806 4314 de
830 4249 944 4314 totum
967 4245 1057 4314 istut
1079 4245 1148 4313 feci
1171 4264 1248 4314 esse
1272 4246 1390 4334 prima
1413 4249 1508 4314 sorte
1533 4265 1614 4316 cum
1639 4251 1717 4316 bine
1752 4249 1796 4316 de
1819 4249 1898 4336 ipsa
1921 4250 1990 4318 bia.
2029 4252 2107 4339 Ipsa

247 4409 347 4474 sorte
371 4405 418 4473 da
442 4407 546 4491 parte
568 4401 763 4506 occidentis
787 4419 850 4490 per
874 4402 961 4469 fines
985 4404 1021 4468 et
1044 4419 1243 4468 mensuras.
1286 4404 1316 4468 A
1339 4402 1592 4488 septemtrione
1614 4404 1681 4470 fine
1705 4403 1783 4490 ipsa
1807 4405 1865 4472 bia
1888 4386 2028 4494 et'sepe
2050 4406 2105 4472 in-

247 4567 305 4630 tus
329 4563 408 4650 ipsa
431 4563 538 4628 rebus
561 4559 655 4626 iusta
678 4557 792 4644 ipsam
815 4573 948 4642 sepem,
967 4553 1063 4642 passi
1087 4556 1235 4640 septem,
1262 4555 1298 4620 et
1322 4556 1535 4623 rebolbente
1549 4554 1588 4621 in
1612 4556 1716 4642 parte
1741 4555 1887 4623 meridie
1902 4556 1971 4622 flne
1987 4555 2104 4643 ipsam

246 4737 380 4804 sepem,
405 4717 500 4803 passi
523 4715 605 4792 duo;
630 4697 895 4782 etrebolbente
918 4712 957 4779 in
981 4711 1084 4799 parte
1106 4707 1313 4785 occidentis,
1339 4709 1434 4796 passi
1457 4708 1611 4795 triginta
1635 4709 1791 4797 quinque
1812 4731 1819 4776 ε
1845 4711 1899 4776 Ab
1921 4709 2104 4780 occidente

245 4871 316 4938 fine
340 4847 459 4938 media
482 4887 576 4958 sepe,
603 4866 699 4956 passi
722 4867 840 4934 decem
864 4869 899 4932 et
921 4867 1069 4951 septem;
1097 4864 1127 4929 A
1152 4861 1301 4929 meridie
1324 4862 1394 4928 dne
1418 4858 1533 4930 media
1556 4879 1652 4948 sepe,
1670 4863 1708 4928 et
1730 4862 1825 4947 passi
1852 4863 2002 4950 triginta
2025 4885 2102 4934 sex:

217 5009 224 5022 ’
244 5029 300 5095 Ab
321 5025 459 5094 oriente
481 5025 552 5092 dne
575 5021 653 5110 ipsa
676 5021 793 5109 prima
816 5022 935 5096 sorte,
960 5021 996 5086 et
1020 5016 1116 5105 passi
1141 5017 1302 5084 tridecim
1326 5020 1362 5085 et
1385 5015 1545 5085 cubitum
1568 5019 1605 5084 et
1627 5018 1790 5104 palmum
1815 5023 1852 5087 et
1875 5019 2014 5107 planta.
2056 5023 2103 5088 De

243 5183 358 5248 totum
382 5180 472 5247 istut
494 5177 563 5284 feci
585 5195 660 5245 esse
683 5175 875 5244 secundam
897 5176 1030 5242 sortem
1055 5191 1137 5240 curn
1162 5172 1239 5240 bice
1264 5171 1307 5240 de
1333 5173 1410 5258 ipsa
1435 5170 1505 5238 bia.
1549 5173 1593 5238 nt
1616 5128 1705 5239 cum*
1723 5173 1869 5240 fuerunt
1904 5175 1996 5241 lecte
2029 5176 2103 5261 ipse

241 5331 494 5422 scriptionibus
518 5334 560 5401 de
584 5333 667 5400 illut
690 5331 782 5421 quod
808 5331 886 5416 ipsa
909 5311 992 5398 biba
1015 5329 1139 5396 divisit
1152 5377 1167 5430 .’
1208 5327 1301 5396 sicut
1324 5347 1435 5414 supra
1458 5327 1632 5414 scriptum
1656 5335 1732 5406 est,
1774 5327 1874 5416 prins
1898 5328 1980 5396 inde
2004 5348 2098 5396 ccm-

244 5488 463 5575 preensimus
487 5505 550 5554 nos
573 5483 808 5572 suprascripti
831 5482 997 5570 germani
1022 5487 1144 5570 petrus
1168 5485 1204 5549 et
1227 5484 1334 5560 falco,
1360 5483 1438 5569 ipsa
1462 5483 1620 5551 securida
1643 5503 1720 5552 sors
1743 5488 1781 5551 et
1803 5483 1846 5552 de
1870 5485 1981 5564 illut,
2008 5487 2102 5574 quod

245 5645 309 5709 nos
332 5627 651 5716 divisimussicut
672 5638 956 5725 suprascriptum
981 5639 1058 5712 est,
1095 5637 1420 5724 comprehensimus
1444 5656 1507 5704 nos
1529 5638 1767 5726 suprascripti
1790 5640 1957 5725 germani
1982 5639 2099 5726 ipsam

243 5796 398 5883 primum
423 5799 567 5871 sortem,
593 5793 750 5880 qualiter
772 5792 937 5878 superius
959 5795 1062 5860 ambo
1088 5794 1161 5878 ipse
1184 5791 1289 5858 sortis
1313 5793 1406 5858 facte
1431 5795 1516 5860 sunt
1538 5811 1619 5860 cum
1644 5795 1765 5862 omnia
1788 5797 1881 5862 intro
1904 5813 1942 5861 se
1960 5793 2097 5862 abenti-
2188 5811 2193 5818 ·
