5372 7106
1035 507 1116 584 nu
1160 501 1541 580 enprorsus
2100 461 2164 566 er

604 717 754 786 GODIGE
778 712 986 780 GAVltNSE
1308 703 1432 770 Pera.
1460 696 1719 768 AUCTARIUM
1744 696 1807 763 EX
1833 691 1985 762 coelen
2009 689 2210 760 GAVENSI.

1687 837 1712 902 f.
1741 837 1816 902 191.

338 1089 477 1154 vinnam
502 1087 566 1153 aut
589 1082 777 1166 marinam.
802 1083 840 1147 et
862 1080 984 1165 postea
1006 1094 1087 1142 eum
1112 1067 1253 1140 miseris
1297 1073 1336 1135 in
1360 1085 1491 1154 aquam
1516 1063 1724 1152 pluvianam
1748 1065 1811 1130 aut
1827 1061 2014 1138 marinam,
2033 1061 2070 1126 et
2092 1063 2216 1144 postea

339 1226 519 1312 inignem
544 1225 709 1292 continuo
733 1223 804 1290 erit
827 1221 1071 1290 serenitatem.
1298 1233 1379 1280 eum
1404 1213 1543 1281 miseris
1568 1212 1775 1299 inignem,
1815 1211 1980 1282 continuo
2016 1211 2086 1278 erit
2121 1229 2218 1278 sere-

1298 1357 1408 1426 nitas.

385 1505 488 1589 Lapis
511 1505 661 1572 diffidas.
687 1503 801 1570 diffles
825 1503 918 1590 lapis
953 1506 1007 1568 est
1033 1503 1250 1570 maculosus
1343 1506 1454 1592 Lapis
1478 1506 1636 1592 Diffides.
1663 1505 1780 1572 Diffles
1812 1506 1876 1590 (stc
1900 1505 2021 1590 διφνὴς)
2046 1505 2139 1592 lapis
2163 1508 2217 1572 est

338 1647 375 1710 et
398 1647 507 1712 habet
539 1647 576 1710 in
599 1663 636 1710 se
659 1646 794 1712 colores
817 1645 916 1712 duos.
958 1649 1102 1732 nigrum
1137 1649 1174 1712 et
1198 1648 1252 1712 al·
1298 1646 1522 1722 maculosus,
1548 1648 1585 1712 ot
1608 1649 1717 1714 habet
1740 1648 1778 1714 in
1802 1666 1840 1715 se
1863 1649 2001 1715 colores
2023 1647 2137 1726 duoS,
2164 1648 2221 1715 ni·

341 1796 434 1860 bum.
461 1791 659 1880 Aliquoties
682 1795 818 1858 colores
834 1795 943 1860 habet
966 1792 1004 1859 in
1022 1791 1138 1859 medio
1154 1791 1253 1859 simi·
1299 1813 1405 1879 grum
1429 1795 1467 1860 et
1490 1797 1621 1860 album.
1650 1794 1851 1880 Aliquoties
1887 1797 2021 1862 colores
2046 1795 2156 1860 habet
2179 1792 2217 1856 in

341 1939 526 2008 titudinem
550 1942 792 2007 characteres.
833 1945 934 2007 Hunc
967 1959 1047 2006 cum
1072 1939 1255 2008 inveneris
1299 1935 1414 2004 medio
1428 1936 1494 2020 (in)
1508 1935 1777 2002 similitudinem
1790 1939 2015 2005 characteris
2028 1938 2117 2024 (cod.
2132 1937 2219 2004 cha-

341 2075 456 2140 atlidis
478 2093 559 2141 eum
583 2073 621 2140 in
645 2076 749 2160 petra
772 2071 990 2148 fortissima.
1028 2075 1064 2138 et
1095 2073 1134 2140 in
1158 2073 1250 2141 duas
1299 2089 1486 2168 racteres).
1513 2092 1613 2152 Hunc
1636 2105 1717 2152 curn
1735 2085 1914 2152 inveneris
1938 2084 2060 2151 allidis
2081 2087 2218 2152 eumin

340 2221 459 2301 partes
482 2217 629 2282 fractus.
657 2234 798 2302 unaque
814 2215 1100 2282 habet'turonem
1126 2219 1190 2298 (1).
1209 2217 1248 2285 in
1298 2227 1400 2310 petra
1423 2225 1646 2300 fortissima,
1690 2228 1726 2290 et
1749 2225 1896 2292 induces
1921 2227 2041 2310 partes
2066 2224 2213 2302 fractas,

342 2382 422 2430 eum
446 2365 535 2432 lacit
557 2363 603 2431 ad
619 2382 777 2430 amorem
792 2365 1004 2450 perpetuum
1028 2363 1255 2432 intervirum
1301 2381 1442 2450 unaque
1473 2364 1583 2430 habet
1612 2368 1758 2430 turones
1782 2363 1824 2446 (l)
1850 2363 1959 2430 intus.
1986 2363 2087 2430 Facit
2112 2365 2158 2432 ad
2175 2385 2214 2432 a·

216 2561 218 2566 ,
342 2513 378 2575 θ(
403 2527 551 2576 uxorem
576 2509 639 2594 (2),
1299 2513 1433 2562 morem
1457 2508 1668 2582 perpetuum
1694 2498 1788 2564 inter
1813 2499 1927 2565 virum
1953 2503 1989 2566 et
2015 2520 2177 2569 uxorem.

387 2645 492 2730 Lapis
514 2646 795 2730 egopathalmos.
835 2648 1058 2732 egothalmos
1082 2647 1175 2732 lapis
1209 2648 1256 2716 si·
1343 2649 1454 2734 Lapis
1478 2651 1773 2736 Eyoputholmos.
1790 2649 2020 2734 Egothalmos
2037 2655 2113 2735 (sic.
2133 2656 2218 2724 fort.

342 2791 438 2858 milis
461 2794 516 2858 est
538 2793 640 2858 oculo
663 2792 820 2876 caprino.
845 2793 1018 2878 sublonga
1042 2795 1178 2860 habens
1202 2797 1254 2860 al·
1300 2786 1635 2872 Aegophthalmus,
1672 2785 1940 2872 etrootolnos?)
1964 2787 2057 2871 lapis
2087 2788 2215 2858 similis

342 2929 426 2992 num
467 2945 535 2992 non
575 2925 673 2992 valde
711 2925 901 2994 candidum
936 2927 998 2994 sed
1036 2929 1251 2999 sublividus.
1298 2925 1353 2990 est
1375 2923 1477 2990 oculo
1502 2881 1649 3008 caprino
1673 2927 1873 3010 sublongo,
1911 2926 2046 2992 habens
2080 2926 2215 3002 album,

342 3078 430 3145 facit
452 3078 497 3145 ad
522 3078 596 3145 iras
619 3095 746 3163 regum
764 3079 1030 3148 mitthationem
1049 3081 1081 3148 si
1097 3099 1179 3148 eum
1195 3084 1256 3150 ha.
1300 3081 1371 3129 non
1387 3063 1492 3130 valde
1508 3064 1714 3142 candidum,
1740 3066 1801 3132 sed
1817 3067 2028 3134 sublividus.
2055 3071 2157 3136 Facit
2174 3070 2220 3137 ad

342 3223 461 3292 bueris
484 3222 523 3289 jn
547 3242 657 3291 manu
680 3223 828 3291 Sinistra
850 3225 1074 3309 occupatum·
1299 3199 1374 3266 iras
1398 3217 1524 3284 regum
1548 3200 1769 3285 mitigandas
1806 3203 1896 3284 (cod.
1924 3201 2216 3288 mitigationem),

1299 3350 1330 3416 si
1354 3369 1435 3418 eum
1453 3351 1623 3417 habueris
1646 3351 1682 3418 in
1699 3371 1807 3419 mauu
1823 3352 1973 3420 sinistra
1988 3357 2216 3439 occupatum.

385 3497 489 3582 Lapis
514 3495 657 3562 alcinio.
685 3494 826 3562 Alcinio
843 3494 934 3580 lapis
950 3494 1078 3561 similis
1095 3497 1149 3561 est
1168 3495 1255 3574 eris.
1344 3490 1455 3573 Lapis
1479 3489 1629 3556 Alcinio.
1655 3490 1794 3557 Alcinio
1819 3492 1911 3578 lapis
1927 3491 2056 3559 similis
2079 3495 2135 3558 est
2159 3510 2218 3558 ao-

338 3633 430 3700 idest
453 3635 676 3699 aramentum
694 3633 802 3698 lloris.
829 3634 991 3701 sublatus
1008 3635 1053 3701 ad
1069 3636 1180 3700 solem
1202 3637 1259 3702 lu·
1276 3637 1279 3676 ¹
1301 3627 1363 3703 ris,
1390 3628 1425 3694 id
1448 3633 1503 3696 est
1518 3635 1765 3700 aeramentum
1782 3634 1891 3700 floris.
1918 3635 2084 3701 Sublatus
2100 3635 2146 3701 ad
2162 3651 2217 3700 so·

1276 3689 1279 3784 l

339 3779 412 3845 ciat
435 3778 492 3845 hic
518 3798 585 3846 nou
611 3798 633 3845 a
658 3777 779 3844 multis
803 3780 1048 3862 cognoscitur.
1076 3777 1184 3843 Utilis
1201 3779 1256 3844 est
1276 3799 1279 3875 3
1300 3772 1370 3837 lem
1394 3771 1502 3838 lucet·
1529 3773 1593 3838 Hic
1618 3792 1688 3839 nou
1713 3792 1734 3838 a
1759 3773 1880 3839 multis
1905 3775 2145 3858 cognoscitur.
2174 3777 2217 3842 U·

340 3910 502 3992 portatus
526 3907 771 3992 potestatibus
799 3907 935 3991 Sculpis
959 3906 995 3972 in
1019 3926 1101 3974 eum
1126 3911 1256 3993 neptu·
1276 3893 1279 4035 (
1300 3907 1375 3975 tilis
1398 3911 1453 3974 est
1468 3911 1631 3994 portatus
1647 3911 1896 3994 potestatibus.
1922 3911 2062 3996 Sculpis
2079 3909 2117 3977 in
2135 3929 2221 3977 eum

340 4066 426 4114 num
449 4065 557 4134 super
589 4046 722 4132 vigam.
760 4045 852 4113 idest
886 4065 1071 4113 carrucam
1105 4065 1186 4112 curn
1222 4047 1503 4152 e-lneptunum
1528 4065 1635 4132 super
1653 4047 1770 4132 bigam
1789 4047 1840 4130 (id
1855 4051 1910 4115 est
1925 4066 2113 4114 carrucam
2129 4065 2211 4113 cum

339 4180 419 4266 quis
442 4182 506 4264 (3).
542 4182 583 4248 tlt
605 4183 725 4247 autem
753 4199 776 4246 a
800 4181 1011 4268 quibusdam
1051 4183 1255 4266 yacinthus.
1277 4263 1279 4290 Ι
1299 4187 1426 4273 equis).
1452 4183 1502 4253 Sit
1525 4189 1645 4253 autem
1670 4212 1687 4252 a
1713 4188 1924 4274 quibusdam
1949 4187 2144 4254 iacinthus:
2163 4199 2221 4264 est

339 4317 393 4382 est
416 4318 534 4383 autem
556 4337 669 4403 genus
693 4319 859 4388 iacinthi.
1277 4300 1279 4408 (
1303 4325 1422 4388 autem
1447 4339 1562 4406 genus
1586 4320 1752 4388 iacinthi.

383 4457 488 4544 Lapis
512 4459 662 4526 berullo.
687 4459 830 4526 Berullo
853 4458 946 4545 lapis
969 4459 1079 4526 habet
1101 4460 1256 4528 colorem
1275 4462 1281 4549 j
1351 4462 1458 4548 Lapis
1484 4459 1643 4547 Berullo.
1670 4458 1817 4525 Berullo
1835 4458 1927 4545 lapis
1944 4459 2053 4527 habet
2069 4461 2224 4529 colorem

386 4941 435 5020 (l)
456 4941 515 5000 Nel
536 4959 569 5001 n.
592 4958 620 4999 c.
643 4957 705 4998 uon
726 4938 754 4997 si
776 4936 854 4996 vede
876 4933 988 4996 scritta
1009 4935 1040 4995 la
1060 4935 1169 5014 parola
1189 4933 1327 4995 induces
1348 4953 1402 4996 ma
1422 4934 1449 4994 si
1471 4935 1592 4995 induas
1615 4954 1673 4997 con
1694 4939 1777 4994 tutta
1810 4935 1993 5009 chiarezza3
2017 4955 2035 4996 e
2058 4956 2201 5017 neppuro

345 5087 376 5146 vi
396 5087 424 5147 si
445 5087 537 5164 legge
559 5084 591 5144 la
612 5101 687 5144 voce
707 5083 817 5150 intus,
845 5098 899 5141 ma
925 5079 1006 5159 dopo
1029 5080 1052 5140 il
1074 5085 1172 5159 punto
1194 5079 1225 5140 le
1246 5079 1308 5140 due
1329 5079 1440 5160 parole
1462 5083 1500 5140 in
1520 5099 1605 5140 eum.
1621 5115 1661 5126 —
1675 5049 1719 5140 La
1741 5099 1818 5141 voce
1840 5086 2023 5143 turoneme
2044 5101 2107 5144 non
2129 5089 2204 5144 turo

345 5251 413 5304 nes,
436 5232 469 5293 in
491 5237 603 5312 questo
624 5181 718 5310 luogo
740 5228 904 5291 manendi
925 5245 990 5288 una
1009 5227 1125 5288 sillaba
1145 5227 1197 5289 nel
1221 5247 1248 5290 c.
1263 5247 1320 5323 'n.;
1342 5227 1375 5288 iu
1396 5228 1520 5306 seguito
1541 5231 1617 5307 perh
1639 5227 1830 5288 nominando
1846 5228 1876 5288 lo
1890 5233 1992 5290 stessa
2011 5229 2114 5308 pietra
2129 5245 2208 5323 una-

344 5381 482 5443 seconda
503 5383 588 5443 volta
608 5399 668 5442 use
689 5379 720 5439 lo
741 5378 849 5458 parola
871 5377 1066 5437 tuberonem
1086 5373 1197 5434 invene
1219 5373 1251 5433 di
1273 5374 1475 5445 tuberonem,
1498 5373 1556 5433 che
1576 5371 1738 5452 potrebbe·
1754 5390 1846 5433 avere
1869 5391 1912 5431 un
1934 5371 2124 5456 significato.

388 5529 432 5608 (2)
456 5529 524 5589 Non
545 5525 707 5607 suppiamo
723 5543 757 5587 se
779 5543 884 5586 messo
899 5523 922 5584 il
937 5527 1036 5603 punto
1057 5540 1119 5581 non
1140 5518 1221 5600 dopo
1236 5518 1266 5580 la
1281 5518 1391 5599 parole
1412 5518 1514 5586 intua,
1536 5537 1588 5578 rna
1610 5516 1690 5598 dopo
1714 5523 1864 5578 turonem
1886 5517 1913 5582 ai
1935 5516 2035 5578 abbia
2055 5536 2099 5577 uu
2114 5535 2208 5580 senso

345 5673 502 5752 migliore.
631 5641 635 5653 ι

381 5819 430 5902 (3)
451 5817 477 5878 ΙΙ
499 5836 596 5896 segno
617 5815 649 5880 di
669 5815 829 5895 parentesi
849 5833 913 5876 non
935 5813 962 5874 si
985 5830 1113 5874 osserva
1136 5810 1199 5870 mai
1222 5808 1307 5870 nella
1328 5807 1481 5870 scrittura
1502 5807 1555 5868 del
1583 5811 1692 5870 nostro
1713 5806 1842 5869 Codice.
