5398 7106
943 588 949 598 ·
1019 562 1418 641 utsiaoultlcus
2030 575 2096 648 tls

290 771 328 820 se
352 757 389 822 et
412 753 555 822 illorum
579 756 730 834 eredes,
756 760 796 824 ut
818 758 877 834 si,
907 758 1000 826 sicut
1021 761 1185 848 superius
1211 761 1487 850 scriptumest,
1525 765 1624 833 nobis
1648 765 1850 853 nostrisque
1881 768 2043 836 eredibus
2067 788 2140 838 non

292 907 540 994 adinpleberit‚
559 913 595 976 et
617 910 861 997 suprascripta
884 911 940 978 vel
957 912 1087 980 exinde
1112 915 1294 981 remobero
1318 917 1382 982 aut
1396 915 1642 983 contradicere
1659 905 1930 1004 presumpserit,
1948 937 2010 1006 per
2026 921 2142 1006 ipsam

291 1058 459 1144 guadiam
484 1059 736 1145 obligaberunt
758 1079 795 1128 se
819 1061 887 1148 ipsi
910 1065 1075 1148 germani
1100 1065 1136 1130 et
1159 1063 1304 1132 illorum
1328 1067 1490 1134 eredibus
1513 1087 1723 1154 componere
1760 1066 1867 1138 michi
1893 1073 2031 1159 meique
2068 1093 2145 1142 ere·

291 1213 394 1280 dibus
419 1215 684 1302 quinquaginta
708 1217 789 1284 auri
815 1217 944 1285 solidos
968 1219 1298 1298 constantinianos‚
1324 1225 1360 1288 et
1383 1221 1627 1310 suprascripta
1650 1223 1864 1310 adinplere,
1902 1227 1994 1313 quod
2020 1223 2147 1316 scripsi

292 1384 357 1452 ego
382 1367 583 1436 romoaldus
607 1371 780 1440 notarius.

335 1516 361 1606 †
386 1520 460 1604 Ego
487 1521 707 1606 grimoaldus
731 1545 787 1593 mc
809 1527 1011 1614 subscripsi.

335 1674 362 1764 †
390 1677 463 1760 Ego
487 1679 652 1748 alderissi
677 1683 838 1782 notarius
861 1703 917 1750 me
940 1684 1142 1769 subscripsi.

1067 2065 1350 2148 Mcnxvr
1412 2031 1417 2042 '

1063 2310 1121 2384 A.
1150 2307 1206 2382 D.
1236 2311 1358 2384 1052

334 2577 360 2668 †
387 2579 425 2644 ln
452 2579 592 2646 nomine
616 2559 954 2652 dominitricesimo
978 2581 1106 2666 quarto
1130 2596 1223 2644 anno
1247 2577 1470 2662 principatus
1493 2577 1614 2644 domni
1637 2579 1750 2646 nostri
1775 2579 1970 2664 guaimarii
1994 2581 2144 2666 gloriosi

294 2731 494 2819 principis,
520 2736 556 2800 et
580 2735 823 2803 tertiodecimo
847 2755 942 2802 anno
966 2735 1116 2822 ducatus
1140 2734 1216 2800 eius
1239 2735 1378 2800 amalfis
1402 2738 1438 2800 et
1460 2733 1635 2806 sirrenti‚
1676 2737 1712 2800 et
1735 2734 1873 2802 decimo
1898 2755 1991 2804 anno
2016 2755 2145 2822 supra-

286 2885 508 2972 scriptorum
536 2887 804 2974 principatuum
829 2891 866 2954 et
888 2889 1080 2956 ducatuum
1115 2887 1234 2954 domni
1259 2886 1377 2972 gisulfi
1410 2885 1476 2952 lilii
1500 2885 1575 2952 eius
1598 2863 1721 2953 eximii
1746 2888 1918 2974 principis
1957 2893 1993 2956 et
2027 2861 2143 2969 ducis,

287 3061 405 3108 mense
430 3042 621 3120 februaria
650 3042 777 3130 quinta
799 3041 1004 3108 indictione.
1044 3044 1136 3106 Ante
1161 3059 1216 3112 me
1238 3041 1427 3108 iohannem
1452 3041 1604 3108 iudicem
1629 3041 1814 3108 <lauterius
1840 3042 1934 3109 filius
1959 3045 2142 3129 quondam

289 3195 409 3280 disigii
440 3201 476 3262 ct
499 3215 643 3282 gemma
667 3218 759 3265 uxor
782 3198 857 3264 eius
879 3197 954 3263 filia
969 3197 1146 3285 quondam
1171 3197 1336 3264 iohannis
1360 3197 1538 3264 coniuncti
1563 3202 1646 3264 sunt
1670 3217 1749 3264 cum
1767 3198 1929 3266 cristallo
1944 3199 2016 3266 lilio
2033 3218 2146 3285 quon-

137 3389 145 3404 ·
286 3350 370 3416 dam
396 3351 573 3436 miringi,
614 3353 650 3418 et
674 3351 743 3437 ipsi
767 3351 823 3417 vir
847 3355 882 3418 et
904 3371 996 3418 uxor
1019 3352 1309 3419 clarificaberunt
1332 3368 1369 3418 se
1393 3353 1526 3418 habere
1550 3351 1693 3418 tertiam
1719 3353 1858 3437 partem
1897 3352 1941 3419 de
1965 3354 2145 3422 hecclesia

285 3501 400 3569 sancti
425 3503 588 3578 eustasii,
614 3522 682 3590 que
706 3503 804 3571 intra
828 3505 1013 3571 castellum
1029 3503 1241 3590 caputaquis
1265 3505 1470 3570 constructa
1494 3505 1658 3574 esurum
1683 3501 1792 3570 tertia
1809 3507 1913 3588 parte
1930 3523 2050 3572 rerum
2070 3505 2141 3592 ipsi

284 3659 433 3724 ecclesie
457 3657 728 3744 pertinentium,
753 3661 892 3724 etcum
916 3658 1025 3724 tertia
1048 3661 1151 3743 parte
1174 3657 1328 3725 cisterna
1352 3677 1421 3745 que
1444 3659 1583 3726 iuxtam
1608 3659 1723 3746 ipsam
1739 3660 1929 3727 ecclesiam
1954 3663 2051 3728 sacta
2068 3667 2149 3754 ests

284 3831 365 3878 cum
388 3812 497 3878 tertia
520 3816 624 3898 parte
648 3831 767 3879 eorum
794 3833 865 3899 qua
888 3813 956 3899 ipsi
980 3813 1133 3879 cisterna
1157 3811 1326 3897 pertinet:
1352 3814 1396 3878 Et
1419 3811 1709 3878 clarificaberunt
1733 3831 1771 3880 se
1795 3815 1928 3880 habere
1952 3812 2052 3882 intra
2083 3835 2141 3884 su-

283 3967 522 4053 prascriptum
546 3967 735 4034 castellum
759 3971 858 4035 terra
880 3988 960 4036 cum
984 3987 1068 4036 oasa
1092 3968 1268 4037 fabricata
1291 3968 1450 4035 solerata
1474 3987 1537 4054 per
1560 3969 1647 4036 lines
1670 3972 1707 4036 et
1732 3987 1947 4038 mensuras:
1974 3971 2005 4036 A
2029 3975 2138 4058 parte

283 4119 547 4207 septemtrionis
569 4121 639 4186 fine
662 4121 732 4200 via,
758 4139 865 4208 super
888 4141 959 4208 qua
982 4120 1184 4188 hedificium
1207 4121 1318 4208 ipsius
1341 4139 1422 4188 case
1445 4124 1499 4188 cst
1521 4124 1558 4188 et
1580 4121 1686 4208 pedes
1710 4118 1864 4209 triginta
1899 4095 2069 4210 quinque.
2109 4128 2139 4192 A

285 4275 389 4360 parte
412 4273 560 4340 orientis
582 4275 652 4340 line
675 4293 817 4341 murum
851 4273 962 4360 ipsius
996 4273 1136 4340 castelli
1160 4275 1197 4340 et
1220 4271 1326 4360 pedes
1361 4273 1531 4341 tredecim
1555 4276 1592 4341 et
1615 4275 1780 4361 plantam
1822 4293 1903 4342 cum
1926 4276 2068 4361 pollice.
2109 4279 2140 4343 A

281 4433 384 4514 parte
411 4428 560 4495 meridie
583 4428 689 4496 flncm
712 4427 867 4496 medium
891 4427 1317 4514 parietemsssabricatum
1335 4431 1371 4495 et
1393 4428 1492 4496 intra
1514 4428 1629 4515 ipsam
1653 4449 1773 4497 casam
1790 4433 2018 4500 mensuratos
2033 4431 2138 4499 iuxta

283 4583 400 4669 ipsum
425 4581 599 4669 parietem
625 4582 730 4669 pedes
753 4582 905 4669 triginta
929 4582 1099 4669 quinque.
1139 4583 1170 4648 A
1194 4583 1297 4668 parte
1320 4582 1515 4650 occidentis
1538 4582 1608 4651 line
1631 4584 1754 4668 platea
1777 4585 1813 4648 et
1835 4581 1942 4668 pedes
1966 4581 2138 4650 tredecim

282 4738 318 4803 et
341 4738 467 4823 planta
490 4757 569 4804 cum
593 4735 772 4822 pollicem.
797 4737 842 4803 Et
865 4736 1154 4804 clarificaberunt
1176 4752 1214 4801 se
1237 4736 1371 4803 habere
1394 4735 1492 4802 intra
1514 4735 1630 4822 ipsum
1661 4735 1849 4802 castellum
1873 4735 1949 4803 alia
1972 4753 2057 4802 casa
2073 4754 2138 4822 per

283 4890 371 4958 fines
395 4894 432 4957 st
456 4909 653 4959 mensuras:
680 4864 709 4958 A
733 4893 836 4978 parte
858 4891 1007 4958 orientis
1029 4890 1099 4956 fine
1114 4888 1394 4975 suprascriptam
1417 4888 1575 4974 plateam
1598 4905 1666 4973 que
1682 4877 1777 4957 inter
1792 4888 1888 4955 hanc
1903 4889 2039 4955 terram
2055 4907 2137 4956 cum

282 5063 366 5112 casa
389 5048 426 5112 et
449 5047 728 5133 suprascriptam
752 5048 888 5114 terram
911 5065 992 5113 cum
1016 5063 1100 5112 casa
1123 5046 1159 5110 et
1174 5042 1280 5131 pedes
1304 5043 1426 5110 decem
1449 5045 1486 5109 et
1508 5041 1657 5127 septem.
1683 5039 1713 5106 A
1737 5041 1841 5127 parte
1857 5041 2007 5109 meridie
2030 5043 2137 5111 linem

286 5197 381 5264 uiam
406 5199 586 5282 publicam
601 5202 646 5265 et
667 5198 774 5284 pedes
796 5198 918 5266 decem
941 5199 978 5266 ct
1000 5197 1155 5265 medium
1179 5199 1217 5265 et
1240 5197 1365 5265 uncias
1387 5197 1489 5264 duas.
1526 5197 1679 5283 Aperte
1702 5195 1896 5264 occidentis
1932 5198 2039 5265 finem
2064 5218 2138 5268 me·

246 5390 248 5395 f
283 5349 378 5416 diam
404 5323 612 5418 strectolam
634 5353 671 5418 et
694 5352 799 5438 pedes
822 5351 964 5437 viginti:
990 5353 1019 5417 A
1043 5353 1145 5437 parte
1168 5349 1431 5438 septemtrionis
1446 5348 1552 5436 pedes
1575 5349 1696 5417 decem
1719 5352 1757 5417 et
1778 5352 1869 5419 octo.
1896 5353 1941 5418 Et
1959 5351 2136 5420 clarifica-

285 5505 420 5572 berunt
442 5523 479 5572 se
502 5506 635 5572 habere
658 5507 827 5592 quattuor
849 5504 968 5591 pecias
991 5504 1034 5571 de
1057 5503 1165 5571 terris
1188 5499 1274 5572 soris
1297 5502 1374 5592 ipso
1396 5503 1542 5572 castello
1566 5522 1718 5591 quarum
1734 5503 1889 5590 primam
1912 5505 2011 5608 intra
2026 5524 2135 5592 quam

286 5657 451 5724 ecelesia
475 5657 590 5725 sancti
613 5657 733 5744 angeli
768 5658 972 5724 constructa
993 5658 1070 5733 est;
1094 5655 1266 5724 dixerunt
1288 5675 1363 5724 esse
1386 5675 1450 5744 per
1472 5657 1558 5724 fines
1580 5659 1621 5734 et,
1640 5675 1838 5725 mensuras.
1864 5659 1894 5724 A
1917 5661 2021 5744 parte
2044 5657 2136 5726 occi·

285 5807 414 5876 dentis
435 5809 505 5875 line
528 5807 621 5876 viam
644 5807 823 5896 publicam
847 5807 942 5896 passi
965 5811 1106 5877 centum
1129 5811 1220 5888 octo;
1245 5813 1282 5878 et
1305 5807 1455 5878 revolvit
1478 5810 1516 5878 in
1538 5813 1650 5897 ipsam
1674 5815 1814 5896 partem
1837 5811 2031 5880 occidentis
2056 5829 2137 5899 pas·
