5454 7104
640 475 705 544 lla
1015 551 1024 568 ⁸
1287 473 1462 547 CODEX
1496 471 1757 548 cflvssusls

584 668 690 735 linem
715 667 826 754 ipsius
850 667 989 738 deuteri
1013 668 1051 736 in
1074 669 1178 756 parte
1201 669 1406 748 occidentis,
1432 671 1515 740 inde
1539 675 1634 759 passi
1650 671 1779 758 biginti
1801 675 1892 741 octo:
1912 676 2043 740 lterum
2057 673 2261 741 revolbente
2285 670 2321 740 in
2337 680 2443 762 parte

584 821 845 890 sebtemtrionis
868 823 951 892 inde
976 823 1071 911 passi
1093 843 1158 892 sex
1182 828 1219 892 ot
1243 825 1419 903 medium3
1445 829 1482 893 et
1504 827 1587 895 inde
1612 826 1815 894 revolbente
1839 827 1876 894 in
1899 830 2002 914 parte
2025 827 2217 896 occidentis
2241 831 2278 895 et
2300 829 2447 901 coniun-

584 981 691 1062 gente
706 997 743 1044 se
757 979 794 1044 in
817 978 896 1066 ipsa
919 978 980 1046 bia
1002 979 1123 1066 priore
1147 981 1246 1048 fines,
1265 978 1347 1048 inde
1371 983 1455 1048 abet
1477 1000 1598 1067 passos
1621 981 1861 1068 quadraginta
1883 981 1964 1057 duo,
1991 983 2103 1050 toturn
2119 986 2157 1050 at
2172 983 2272 1052 iuxto
2297 1003 2438 1070 passum

581 1133 691 1200 omini
706 1137 761 1200 est
777 1137 1033 1201 mensuratum.
1052 1137 1139 1202 Cum
1156 1139 1277 1204 autern
1293 1138 1540 1223 suprascripta
1551 1136 1654 1223 pecia
1669 1136 1712 1204 de
1728 1141 1828 1205 terra
1842 1156 1907 1224 per
1922 1135 2089 1228 iamdicto
2104 1139 2184 1206 finis
2208 1143 2244 1206 et
2260 1139 2438 1206 mensurio

583 1305 645 1372 per
668 1287 735 1373 ipsi
760 1289 1015 1366 machonolsus,
1041 1292 1079 1356 et
1102 1290 1278 1366 ademari,
1304 1295 1341 1358 et
1363 1293 1505 1358 amatus
1528 1295 1726 1360 monstrata
1746 1297 1812 1369 est,
1837 1291 1931 1360 dixit
1953 1292 2029 1378 ipse
2051 1293 2203 1370 dauferi,
2230 1296 2269 1360 ut
2291 1295 2368 1360 tota
2391 1297 2428 1359 et

581 1441 759 1529 integram
784 1462 885 1511 suam
908 1448 992 1510 exet
1015 1443 1258 1531 pertinentem
1283 1465 1347 1531 per
1369 1448 1473 1515 firma
1496 1449 1636 1516 cartula
1648 1449 1695 1515 da
1707 1448 1810 1534 parte
1820 1447 2034 1534 ipsiusmari
2057 1448 2121 1514 lilii
2136 1447 2429 1536 ipsiusiaquinti‚

580 1600 617 1664 et
639 1617 703 1685 per
726 1598 797 1685 ipsi
821 1599 1076 1677 machonolfus,
1095 1605 1131 1667 et
1156 1601 1329 1677 ademari,
1359 1605 1396 1668 et
1419 1603 1561 1669 amatus
1583 1604 1727 1667 ostensa
1749 1601 1803 1666 est
1826 1618 1898 1666 una
1920 1600 2063 1666 cartula
2091 1599 2275 1668 dibisionis
2298 1604 2335 1666 et
2360 1620 2428 1686 per

578 1753 693 1838 ipsum
708 1752 846 1820 danseri
862 1756 1006 1820 ostensa
1021 1756 1076 1820 ost
1092 1773 1162 1820 una
1178 1756 1322 1820 cartula
1338 1759 1374 1821 et
1398 1773 1508 1821 unum
1534 1756 1687 1832 brebem,
1711 1755 1749 1820 et
1772 1771 1881 1820 unum
1904 1753 2113 1831 iudicatum,
2128 1758 2165 1821 et
2180 1753 2434 1822 manifestabe-

575 1911 661 1974 runt
683 1927 721 1974 se
744 1927 808 1995 per
831 1910 962 1994 partes,
975 1904 1104 1994 utplus
1128 1909 1366 1990 monimengex
1379 1926 1420 1973 oc
1438 1926 1507 1972 non
1530 1907 1728 1973 ostendere.
1746 1909 1786 1974 ln
1802 1905 1927 1992 primis
1941 1905 2104 1991 relegere
2117 1905 2185 1973 feci
2201 1905 2279 1992 ipsa
2294 1907 2440 1974 cartula

574 2061 769 2141 dibisionis,
784 2064 877 2151 quod
901 2063 970 2150 ipsi
993 2061 1236 2151 suprascripti
1249 2061 1318 2128 thii
1335 2064 1372 2127 et
1389 2064 1534 2148 nepotes
1549 2060 1768 2136 ostederunt;
1779 2059 1832 2128 ita
1847 2061 2063 2151 continebat:
2075 2062 2114 2126 ln
2130 2060 2271 2127 nomine
2286 2060 2440 2137 domini,
2465 2125 2469 2132 ,

582 2216 765 2285 undecimo
788 2235 882 2284 anno
905 2217 1258 2304 principatusdomni
1283 2215 1395 2283 nostri
1419 2215 1596 2293 iohannis,
1611 2219 1648 2283 et
1669 2221 1772 2284 sexto
1794 2237 1888 2284 anno
1910 2217 2029 2284 domni
2052 2217 2231 2303 guaimari
2254 2216 2319 2283 illii
2342 2217 2438 2294 eius,

576 2373 722 2458 gloriosi
745 2372 979 2459 principibus,
999 2391 1118 2440 mense
1136 2373 1277 2450 martio,
1294 2373 1446 2440 sebtima
1459 2370 1896 2457 indictionetgrimoaldus
1911 2371 2053 2457 genitor
2069 2371 2430 2457 ipsorumsuprascri-

576 2530 625 2614 pti
649 2528 815 2614 germani
838 2527 1169 2615 flliigarofaliante
1183 2529 1366 2615 presentia
1389 2529 1483 2594 leoni
1508 2525 1664 2594 iudioiet
1674 2526 1865 2612 subscripti
1878 2528 1997 2604 testes,
2012 2525 2200 2594 coniuntus
2212 2523 2280 2592 luit
2291 2527 2330 2592 at
2342 2545 2435 2592 vona

576 2680 833 2750 combenientia
856 2701 936 2749 cum
950 2681 1134 2770 iaquintus
1158 2686 1312 2768 cognato
1343 2701 1407 2750 suo
1430 2683 1503 2750 filio
1527 2683 1750 2758 machonolfl,
1768 2681 1805 2746 et
1827 2679 2026 2748 dibiserunt
2049 2679 2144 2748 inter
2166 2699 2204 2748 se
2229 2684 2347 2758 rebus,
2366 2699 2436 2767 que

578 2837 646 2902 luit
668 2836 776 2923 ipsius
801 2836 1024 2904 machonolli.
1052 2837 1152 2903 Unde
1170 2837 1245 2924 ipse
1261 2835 1483 2921 grimoaldus
1507 2853 1572 2922 per
1595 2835 1669 2903 suis
1694 2835 1890 2902 rationibus
1914 2834 2144 2903 mediatorem
2166 2834 2289 2903 debuit
2312 2837 2439 2902 abere.

578 2990 675 3058 Unde
700 2989 739 3058 in
755 2989 880 3077 primis
891 2991 1092 3059 dibiserunt
1115 2989 1212 3056 inter
1235 3007 1272 3056 se
1291 3007 1362 3055 una
1380 2987 1481 3074 peoia
1504 2988 1547 3055 de
1571 2992 1670 3057 terra
1693 3008 1774 3056 cum
1798 2987 1953 3056 arbustis
1977 2988 2149 3056 bitatisin
2164 2989 2280 3056 locum
2304 3005 2433 3074 campu

576 3145 619 3211 de
643 3163 717 3220 are,
744 3143 920 3231 undeipse
945 3141 1126 3231 iaquintus
1150 3145 1415 3230 comprehensit
1438 3143 1477 3211 in
1500 3147 1595 3212 sorte
1617 3163 1695 3224 sua,
1712 3147 1751 3214 in
1774 3147 1874 3232 parte
1896 3143 2045 3212 orientis
2066 3143 2272 3212 coniuntum
2296 3148 2335 3212 at
2356 3145 2435 3211 dne

575 3299 800 3384 maienande,
814 3302 851 3365 et
859 3299 969 3386 ipsius
984 3296 1177 3384 grimoaldi
1191 3297 1392 3366 tradiderat
1401 3302 1438 3366 in
1450 3302 1553 3385 parte
1568 3299 1762 3368 occidentis
1774 3302 1813 3366 at
1834 3300 1901 3365 fine
1915 3297 2030 3366 sancti
2042 3299 2182 3382 quirici.
2195 3300 2327 3366 lterum
2338 3298 2430 3366 dibi·

573 3457 698 3522 serunt
710 3454 805 3521 inter
827 3473 864 3521 se
881 3455 988 3522 aliam
1006 3455 1145 3541 peciam
1169 3454 1208 3520 in
1223 3455 1345 3522 eodem
1370 3455 1447 3522 loco
1463 3455 1501 3520 at
1518 3456 1636 3522 monte
1654 3473 1827 3522 vocatam:
1853 3453 1927 3540 ipse
1951 3453 2131 3540 iaquintus
2147 3448 2396 3540 conprehensit
2412 3471 2431 3519 a
2485 3423 2487 3428 ‘

575 3611 676 3696 parte
691 3609 884 3678 occidentis
908 3615 947 3678 at
969 3611 1037 3678 fine
1065 3611 1139 3677 ursi
1162 3607 1236 3676 filii
1253 3610 1359 3688 mari,
1378 3611 1505 3696 etipse
1522 3609 1743 3696 grimoaldus
1766 3607 2017 3694 conprehensit
2038 3607 2077 3675 in
2099 3610 2202 3694 parte
2224 3607 2373 3675 orientis
2397 3611 2438 3674 at

573 3765 676 3830 linem
702 3763 813 3849 ipsius
837 3764 1053 3840 nraienandi;
1072 3768 1108 3831 et
1131 3763 1336 3831 dibiserunt
1362 3765 1459 3832 iuter
1481 3783 1519 3832 se
1543 3765 1614 3832 alie
1638 3765 1706 3831 due
1729 3767 1851 3850 pecie:
1877 3764 1952 3849 ipse
1975 3761 2158 3849 iaquintus
2181 3761 2430 3848 conprehensit

574 3919 612 3984 in
635 3919 730 3984 sorte
752 3936 815 3984 sua
840 3937 911 3985 una
934 3917 1036 4002 pecia
1065 3917 1108 3983 de
1132 3919 1231 3984 terra
1255 3916 1292 3983 in
1314 3918 1391 3984 loco
1416 3917 1476 3984 ubi
1500 3917 1647 3984 tostacio
1670 3915 1802 3984 dicitur
1826 3935 1848 3981 a
1870 3917 1993 3982 subtus
2017 3917 2214 3982 mercatum
2229 3914 2428 4002 propinquo

574 4072 678 4139 dubio
701 4073 847 4157 saltora,
868 4071 926 4139 ubi
950 4071 1160 4140 landoarius
1184 4090 1301 4138 comes
1324 4071 1498 4140 molinum
1522 4073 1635 4149 abuit,
1653 4075 1690 4138 et
1712 4071 1787 4159 ipse
1802 4071 2018 4158 grimoaldus
2040 4069 2265 4156 oonpreensit
2279 4071 2317 4136 in
2332 4073 2428 4136 sorte

574 4245 639 4296 sua
663 4247 736 4295 una
758 4227 860 4314 pecia
883 4227 920 4293 in
945 4227 1019 4314 ipso
1043 4227 1119 4293 loco
1145 4224 1321 4302 tostacio,
1360 4245 1428 4313 que
1451 4199 1699 4294 coniunta'est
1722 4246 1745 4294 a
1767 4229 1869 4314 parte
1892 4225 2085 4294 occidentis
2119 4228 2159 4292 at
2182 4227 2287 4292 rebus
2311 4243 2431 4292 mona-

572 4383 673 4450 sterii
697 4382 813 4450 sancti
837 4381 1021 4449 laurentii.
1062 4384 1193 4448 lterum
1217 4379 1419 4448 dibiserunt
1441 4381 1537 4448 inter
1560 4400 1597 4448 se
1621 4379 1727 4448 aliam
1752 4381 1888 4466 peciam
1923 4380 1961 4448 in
1995 4380 2070 4466 ipso
2106 4341 2182 4447 loco
2217 4380 2431 4454 flocoanum,

575 4536 633 4604 ubi
657 4534 893 4604 catamauriri
918 4534 1079 4602 dicitur:
1115 4537 1189 4622 ipse
1213 4533 1646 4621 iaquintusoonpreensit
1670 4532 1708 4600 in
1731 4535 1834 4620 parte
1856 4532 2049 4600 occidentis
2084 4533 2122 4600 al
2152 4533 2221 4599 line
2245 4531 2337 4599 mari
2360 4529 2427 4596 filii

572 4692 725 4780 gulsoni,
751 4695 787 4759 et
812 4691 887 4778 ipse
911 4689 1136 4777 grimoaldus
1159 4690 1386 4778 oonpreensit
1410 4689 1448 4756 in
1472 4692 1576 4777 parte
1598 4687 1747 4756 orientis
1770 4693 1809 4754 at
1824 4689 1929 4754 linem
1954 4687 2062 4774 ipsius
2083 4687 2298 4756 maienandi.
2326 4689 2364 4755 ln
2379 4687 2432 4755 si-

574 4849 647 4916 mul
670 4849 707 4914 et
729 4843 926 4915 dibiserunt
949 4846 1041 4912 inter
1064 4863 1101 4912 se
1125 4845 1204 4930 ipsa
1226 4843 1475 4930 suprascripta
1498 4843 1601 4930 pecia
1623 4844 1667 4910 de
1690 4845 1789 4911 terra
1812 4843 1850 4908 in
1874 4842 1949 4928 ipso
1983 4843 2057 4910 loco
2081 4842 2306 4917 lloccanum,
2331 4840 2423 4928 quod

570 5000 732 5088 superius
756 5019 819 5086 per
843 4999 910 5086 ipsi
938 4998 1177 5085 suprascripti
1202 4997 1269 5064 tlrii
1293 4999 1330 5063 et
1353 4997 1498 5083 nepotes
1523 4997 1722 5063 monstrata
1744 4996 1823 5062 est:
1863 4994 1939 5080 ipsc
1963 4993 2144 5080 iaquintus
2174 4993 2429 5080 conprehensit

570 5155 648 5241 ipsa
673 5157 744 5221 tota
767 5151 1013 5240 suprascripta
1043 5155 1150 5240 pccia
1173 5170 1237 5239 per
1260 5149 1452 5218 iamdictos
1468 5167 1653 5216 mensuras
1677 5148 1715 5215 in
1731 5151 1834 5235 parte
1856 5147 2030 5226 meridiei,
2048 5149 2085 5214 et
2105 5146 2180 5233 ipse
2202 5145 2421 5232 grimoaldus

570 5308 820 5395 conprehensit
842 5308 881 5374 in
904 5313 1008 5394 parte
1031 5307 1298 5375 sebtomtrionis
1322 5305 1532 5374 coniuntum
1558 5320 1595 5370 et
1617 5304 1686 5370 fine
1709 5303 1752 5371 de
1775 5303 1939 5371 eredibus
1973 5302 2079 5390 petri.
2117 5305 2188 5369 Ista
2210 5305 2291 5369 tota
2316 5304 2421 5369 rebus

570 5482 633 5550 per
658 5447 882 5530 medietatem
906 5463 980 5530 illis
1005 5463 1098 5529 inter
1121 5480 1158 5530 se
1182 5461 1395 5538 dibiserunt,
1421 5464 1458 5528 et
1480 5461 1715 5528 communiter
1738 5461 1834 5529 inter
1855 5479 1892 5528 se
1917 5463 2193 5528 resorbaberuut
2216 5461 2316 5532 terra
2340 5478 2421 5526 cum

568 5613 799 5692 abellanieta,
826 5618 862 5682 et
884 5615 1101 5694 castanieta,
1126 5618 1163 5682 et
1185 5616 1385 5702 quertieta,
1411 5620 1448 5682 et
1470 5617 1564 5684 silba
1585 5617 1621 5683 in
1647 5615 1823 5684 montibus
1846 5633 1953 5700 quam
1977 5617 2014 5681 et
2035 5613 2072 5679 in
2097 5613 2242 5699 planis,
2269 5613 2326 5679 vel
2350 5613 2425 5680 ubi—

565 5789 717 5858 cumque
739 5770 783 5837 de
807 5775 912 5839 rebus
933 5771 1049 5874 ipsius
1075 5772 1285 5838 machonolll
1311 5770 1479 5842 iubentus
1503 5772 1623 5848 luerit,
1640 5770 1735 5839 omni
1762 5773 1919 5856 ternpore
1943 5769 2014 5836 illis
2037 5773 2074 5835 et
2097 5769 2239 5836 illorum
2256 5769 2423 5836 aradibus
