5398 7106
973 471 1424 568 nuncupatitius
1588 434 1589 438 ‘
2026 470 2106 570 nur¹
2157 487 2187 565 χ

283 669 457 754 quantum
480 667 625 736 cartula
648 665 719 736 ista
742 667 782 737 in
805 667 924 754 capite
948 669 1026 738 lata
1049 669 1104 736 est
1128 665 1157 751 ¹)
1180 665 1306 754 pedem
1331 684 1494 735 nnuma
1517 668 1621 753 parte
1644 664 1796 734 orientis
1820 667 1889 733 fine
1912 665 2077 734 anditum
2102 666 2140 732 in
2200 694 2201 697 ¹

283 840 352 908 quo
374 822 450 908 ipse
472 821 740 890 castelmannus
762 823 862 891 scala
884 824 922 890 et
944 823 1172 890 mineaneum
1200 823 1306 898 abet,
1332 805 1382 888 et¹
1399 821 1568 889 similiter
1598 821 1674 910 ipsa
1698 839 1783 889 casa
1812 819 1905 907 quod
1929 819 1962 888 ei
1987 819 2086 888 dedit
2109 820 2148 886 in

284 975 401 1062 ipsum
425 975 589 1044 anditum
613 977 713 1044 scala
735 979 772 1044 et
794 977 1022 1046 mineaneum
1046 977 1180 1044 factum
1205 977 1289 1043 abet
1311 975 1395 1072 inde
1418 975 1525 1061 pedes
1548 973 1703 1061 biginti,
1730 975 1847 1042 minus
1871 973 1996 1042 uncias
2019 973 2145 1076 tribus:

285 1148 307 1196 a
331 1133 439 1217 parte
463 1131 623 1200 meridie
638 1133 708 1200 line
731 1133 895 1220 predicta
918 1131 1084 1200 ecclesia:
1109 1133 1155 1199 ab
1178 1131 1361 1198 occidente
1384 1131 1453 1198 line
1477 1129 1639 1197 anditum
1664 1127 1697 1196 in
1723 1147 1791 1226 quo
1814 1147 1922 1215 super
1945 1128 2021 1216 ipso
2045 1129 2147 1197 andi-

284 1285 359 1350 tum
385 1287 422 1352 et
446 1287 484 1353 in
507 1285 583 1371 ipso
606 1285 771 1354 anditum
795 1283 1024 1355 minearieu'm
1048 1288 1086 1353 et
1107 1287 1209 1354 scala
1232 1287 1311 1372 ipsa
1333 1302 1418 1352 casa
1441 1286 1536 1361 abet,
1562 1283 1645 1392 inde
1669 1283 1776 1370 pedes
1798 1283 1919 1352 decem
1943 1287 1981 1351 et
2003 1287 2144 1360 nobem,

284 1440 322 1505 et
349 1439 454 1507 uncie
476 1439 559 1506 due:
577 1459 600 1507 a
623 1443 728 1526 parte
750 1439 1016 1528 septemtrionis
1038 1441 1108 1508 flne
1131 1438 1303 1507 strectola
1317 1445 1365 1516 et,
1380 1439 1474 1507 sicut
1495 1399 1592 1506 inter
1615 1455 1678 1506 nos
1702 1437 1893 1514 combenit,
1906 1438 2042 1524 guadia
2058 1438 2146 1506 mibi

283 1593 358 1682 ipse
380 1596 649 1665 oestelmannus
672 1595 771 1664 dedit
785 1600 822 1664 et
835 1596 1078 1666 fideiussorem
1095 1595 1183 1664 mihi
1199 1595 1318 1682 posuit
1340 1599 1464 1682 petrus
1486 1593 1584 1664 filius
1607 1594 1784 1682 quondam
1809 1594 1965 1683 iaquinti
1988 1594 2142 1671 notarim

284 1751 331 1816 et·
345 1767 411 1836 per
432 1749 547 1836 ipsam
571 1750 749 1836 guadiam
766 1749 946 1844 obligavit
968 1768 1006 1817 se
1022 1751 1059 1816 et
1074 1749 1151 1817 eius
1174 1748 1310 1828 eredes,
1325 1751 1365 1816 ut
1387 1748 1535 1826 omines,
1553 1748 1615 1835 qui
1639 1740 1773 1824 residet
1794 1747 1874 1834 ipsa
1890 1766 1986 1825 casa,
2009 1765 2074 1834 per
2088 1748 2149 1815 ilr-

285 1921 381 1970 mum
405 1904 551 1970 brebem
575 1923 599 1971 a
621 1907 726 1992 parte
752 1923 832 1972 mea
855 1907 995 1972 nullam
1019 1902 1305 1972 molestationem
1328 1902 1375 1970 ad
1398 1901 1467 1989 ipsi
1490 1901 1626 1970 omines
1650 1901 1800 1978 iaciant,
1825 1900 1950 1969 amodo
1974 1905 2011 1986 et
2035 1921 2151 1990 usque

284 2055 545 2133 constitutum,
572 2057 664 2143 quod
688 2056 757 2144 ipsi
792 2057 892 2125 brebi
915 2057 1090 2133 continet,
1125 2055 1187 2124 sed
1210 2057 1316 2124 firma
1346 2059 1569 2124 remaneant.
1602 2056 1678 2142 ipse
1713 2056 1982 2124 castelmannus
2006 2057 2145 2124 eteius

288 2210 412 2278 eredes
435 2229 516 2276 cum
540 2209 609 2296 ipsi
632 2211 790 2287 omines,
815 2212 921 2278 sicuti
943 2209 1019 2278 illis
1043 2211 1152 2278 michi
1175 2213 1211 2278 et
1234 2209 1280 2278 ad
1304 2227 1389 2296 pars
1412 2209 1571 2296 predicte
1594 2210 1745 2277 ecclesie
1769 2215 1854 2278 sunt
1876 2209 2054 2296 obbligati
2080 2230 2150 2296 per·

217 2437 220 2442 ,
288 2363 354 2449 ipsi
379 2359 493 2439 brebi,
518 2366 556 2428 et
577 2365 693 2430 omnis
716 2361 876 2442 censum,
893 2363 987 2451 quod
1010 2363 1093 2430 inde
1115 2382 1182 2450 ego
1198 2363 1255 2429 vel
1280 2381 1365 2449 pars
1388 2362 1548 2449 predicte
1571 2364 1723 2430 ecclesie
1746 2358 1935 2431 tollere‘et
1955 2367 2063 2432 abere
2086 2365 2147 2434 de-

295 2518 429 2592 bemus,
455 2518 568 2582 totum
592 2511 683 2582 illud
706 2533 770 2582 nos
793 2515 967 2582 iaciamus
989 2515 1077 2582 dare
1100 2515 1212 2601 ipsius
1235 2514 1380 2582 altrude
1404 2517 1441 2581 et
1464 2513 1610 2582 adeius
1634 2515 1770 2592 eredes,
1789 2517 1826 2581 et
1847 2515 1894 2583 ad
1918 2515 1994 2601 ipso
2018 2517 2155 2582 consti.

287 2625 423 2746 tutum,
449 2687 518 2755 que
541 2667 610 2758 ipsi
634 2669 735 2736 brebi
758 2669 943 2746 continet,
968 2667 1085 2736 licead
1108 2667 1176 2755 ipsi
1198 2667 1336 2736 omines
1359 2667 1443 2741 inde
1466 2668 1568 2736 exire
1591 2686 1672 2735 cum
1697 2667 1812 2736 omnis
1836 2668 1983 2736 illorum
2011 2688 2144 2746 causa,

286 2822 382 2889 sicut
404 2821 472 2909 ipsi
497 2821 597 2890 brebi
619 2821 798 2900 eontinet3
832 2825 869 2888 et
899 2820 1055 2908 qualiter
1078 2821 1188 2888 michi
1212 2819 1271 2887 vel
1294 2820 1339 2888 ad
1363 2838 1453 2916 pars·
1476 2820 1638 2906 predicte
1661 2821 1812 2890 ecclesie
1837 2825 1916 2910 ipsa
1938 2825 2041 2890 terra
2063 2841 2144 2892 cum

292 2993 380 3042 casa
402 2971 468 3061 ipsi
491 2973 628 3041 omines
652 2975 709 3040 vel
733 2973 878 3043 illorum
903 2975 1028 3042 eredes
1043 2973 1232 3042 remictere
1256 2966 1392 3072 debunt
1406 2993 1471 3061 per
1487 2975 1554 3062 ipsi
1572 2974 1685 3053 brebi,
1710 2977 1835 3046 taliter
1857 2977 1936 3063 ipsa
1951 2980 2147 3048 tornacum

287 3147 371 3196 casa
394 3128 610 3214 perbeniant
633 3128 678 3196 ad
702 3129 915 3215 potestatem
931 3127 1092 3215 predicte
1108 3127 1252 3196 altrude
1266 3131 1304 3196 et
1318 3129 1362 3197 de
1377 3129 1478 3197 illius
1501 3130 1638 3206 eredes,
1657 3131 1703 3200 ad
1720 3131 1923 3200 iaciendum
1938 3132 2035 3212 inde,
2053 3133 2146 3220 quod
2180 3167 2183 3173 ·
2257 3171 2259 3176 .

286 3289 330 3352 bo
339 3285 485 3362 luerint,
503 3288 540 3352 et
562 3284 638 3372 ipso
662 3285 820 3361 brebem,
846 3282 938 3370 quod
962 3281 1045 3350 inde
1060 3281 1129 3369 ipsi
1152 3281 1288 3350 omines
1304 3284 1422 3350 abunt
1439 3283 1619 3350 firmatum
1635 3283 1872 3370 deipsacasa
1888 3287 2030 3371 aparte
2051 3301 2143 3360 mea,

291 3434 464 3522 scriptum
479 3437 534 3502 est
549 3453 612 3521 per
635 3434 838 3502 dauferium
862 3435 1039 3504 notarium
1064 3435 1231 3504 vicesimo
1254 3455 1348 3506 anno
1363 3437 1587 3526 principatus
1602 3439 1721 3507 domni
1741 3439 1950 3526 guaimarii,
1976 3441 2013 3506 et
2028 3437 2158 3525 primo.

290 3608 386 3657 anno
408 3589 631 3676 principatus
655 3589 773 3658 domni
796 3590 945 3658 iohanni
969 3591 1046 3660 eius
1067 3589 1144 3666 fllii,
1161 3593 1199 3656 ei
1219 3589 1336 3676 primo
1359 3608 1453 3658 anno
1477 3591 1702 3678 principatus
1724 3609 1849 3660 eorum
1870 3610 1997 3679 capue,
2024 3605 2145 3658 mense
2249 3658 2254 3670 ,

288 3747 450 3832 agustus,
475 3747 580 3812 sexta
603 3744 811 3814 indictione.
838 3747 883 3813 Et
906 3746 944 3814 in
967 3765 1048 3814 eum
1072 3743 1264 3831 subscripti
1287 3744 1461 3830 grimoalt
1491 3763 1607 3812 cernes
1630 3746 1667 3812 et
1690 3743 1798 3812 iudex
1830 3747 1867 3812 et
1888 3744 2055 3814 'alderissi
2081 3767 2142 3814 no·
2222 3827 2227 3834 ,

291 3900 421 3978 tarium
447 3904 484 3968 et
504 3900 556 3968 sic
579 3903 817 3988 permaneant
840 3900 914 3988 ipse
937 3900 1204 3972 castelmannus
1238 3901 1275 4010 et
1308 3899 1386 3984 ipsa
1411 3919 1502 3967 uxor
1536 3917 1602 3968 sua
1624 3901 1681 3968 vel
1705 3900 1850 3968 illorum
1873 3901 2041 3970 eredibus
2064 3920 2145 3970 cum

289 4054 356 4141 ipsi
379 4057 515 4123 omines
538 4055 599 4144 qui
621 4055 700 4142 ipsa
714 4073 806 4148 ‚casa
829 4073 893 4144 per
916 4056 1033 4143 ipsum
1068 4055 1214 4122 brebem
1249 4053 1435 4122 retinunt.
1473 4055 1632 4142 qualiter
1656 4073 1722 4141 per
1745 4053 1863 4142 ipsum
1894 4058 2040 4124 brebem
2063 4057 2146 4124 inde

287 4227 412 4276 eorum
436 4227 502 4296 ego
525 4226 603 4276 sum
626 4179 837 4296 obligatum,
862 4209 920 4276 vel
943 4226 1028 4295 pars
1050 4208 1209 4295 predicte
1232 4210 1392 4288 ecclesie,
1418 4211 1527 4277 etsie
1550 4209 1665 4278 licead
1689 4209 1758 4298 ipsi
1781 4209 1916 4280 omines
1932 4208 2016 4276 inde
2040 4209 2146 4276 exire

286 4381 366 4430 cum
392 4362 510 4430 omnis
533 4363 678 4430 illorum
702 4381 823 4440 causa,
849 4360 1007 4470 qualiter
1029 4361 1104 4448 ipso
1127 4363 1272 4430 brebem
1296 4362 1468 4430 continet.
1486 4362 1574 4430 Etsi
1590 4364 1727 4440 taliter,
1752 4362 1847 4430 sicut
1869 4361 2035 4449 superius
2051 4364 2140 4429 scri-

286 4517 385 4603 ptum
408 4518 479 4594 est,
514 4515 578 4582 ille
602 4519 639 4582 et
661 4515 738 4583 eius
760 4515 896 4592 eredes,
921 4514 997 4602 ipse
1019 4465 1285 4582 castelmannus
1323 4518 1360 4582 et
1382 4515 1459 4582 eius
1481 4515 1632 4591 eredes,
1657 4515 1767 4584 michi
1798 4515 1855 4582 vel
1885 4515 1931 4584 ad
1954 4534 2039 4602 pars
2066 4537 2146 4602 pre-

289 4669 385 4737 dicte
403 4667 555 4738 ecclesie
570 4681 651 4738 ‘non
674 4669 951 4757 adinpleberint,
968 4672 1006 4737 et
1019 4666 1270 4757 suprascripta
1285 4670 1340 4737 vel
1357 4668 1489 4737 exinde
1512 4673 1694 4738 remobere
1718 4672 1783 4737 aut
1803 4669 2052 4738 contradicere
2067 4689 2146 4758 pre-

292 4824 508 4910 sumpserit,
533 4823 733 4911 peripsam
758 4824 929 4910 guadiam
963 4825 1039 4911 ipse
1073 4825 1340 4892 castelmannus
1374 4825 1608 4911 obligavitse
1631 4826 1668 4890 et
1689 4823 1766 4893 eius
1789 4825 1912 4894 eredes
1933 4845 2146 4912 componere
2204 4899 2207 4904 .

298 4975 427 5054 michi,
453 4953 509 5044 vel
534 4979 579 5046 ad
604 4997 688 5066 pars
710 4978 871 5066 predicte
893 4979 1043 5047 ecclesie
1065 4982 1209 5047 centum
1232 4979 1314 5046 auri
1337 4980 1469 5048 solidos
1491 4979 1707 5056 costantini,
1744 4980 1987 5067 suprascripto
2014 4980 2147 5048 distur-

287 5131 411 5199 batum
436 5131 539 5218 legit:
564 5132 640 5210 ille,
667 5133 759 5220 quod
782 5131 909 5221 scripsi
932 5151 999 5219 ego
1023 5132 1228 5202 romoaldus
1251 5135 1423 5204 notarius.

332 5282 358 5374 †
383 5287 457 5370 Ego
481 5285 645 5353 alderissi
670 5286 831 5354 notarius
854 5304 911 5352 me
933 5285 1139 5374 subscripsi.

212 5433 215 5439 “
307 5479 309 5484 ·
333 5435 360 5526 †
384 5435 605 5523 Ego'petrus
628 5437 791 5507 notarius
814 5457 871 5507 ms
892 5437 1100 5524 subscripsi.

304 5615 650 5646 ι--ι-ὲ-μ--ῃ

326 5745 351 5822 ¹)
371 5745 412 5806 34
432 5747 647 5810 Centimetris.

426 5956 497 6014 Tou.
516 5969 552 6013 vu
