5454 7104
614 513 658 584 Sl
1257 507 1434 580 counx
1468 505 1728 579 cavensis

562 711 600 774 et
622 725 773 792 semper,
788 709 890 772 natos
914 705 1111 781 nascentes,
1126 703 1171 770 ad
1194 721 1260 770 sua
1283 704 1385 771 etde
1408 703 1482 770 suis
1505 703 1671 771 eredibus
1694 704 1814 770 essent
1837 703 2009 788 potestate
2033 700 2120 767 illut
2144 699 2357 774 tenendum,
2383 701 2419 764 et

563 862 836 948 pastenandum,
862 864 899 926 et
921 856 1179 935 lavorandum,
1206 861 1304 926 lovee
1332 861 1369 924 et
1390 857 1505 926 omnis
1529 857 1676 953 illorum
1700 853 1871 922 utilitatis
1894 854 1989 921 iusta
2016 853 2190 920 rationem
2214 853 2343 920 ividem
2368 853 2421 920 fa-

564 1033 670 1090 cere,
695 1017 732 1082 et
755 1013 879 1081 amodo
902 1017 939 1080 et
961 1014 1058 1080 omni
1084 1017 1266 1100 tempore,
1293 1012 1352 1078 ubi
1377 1012 1575 1087 meruerit,
1600 1011 1640 1078 in
1663 1011 1740 1095 ipsa
1776 1008 1968 1075 traditione
1991 1011 2182 1094 pastenare
2216 1009 2361 1074 arbores
2383 1013 2420 1074 et

563 1168 653 1234 bites
676 1167 719 1234 de
744 1185 833 1234 vono
857 1167 1004 1243 vitineo,
1031 1169 1067 1233 et
1091 1165 1174 1232 illut
1197 1183 1356 1250 surgere,
1374 1167 1410 1230 et
1433 1165 1571 1231 surtum
1596 1167 1633 1231 et
1655 1164 1794 1230 salbum
1818 1163 1923 1230 illum
1947 1164 2054 1230 abere
2077 1162 2173 1230 omni
2196 1164 2366 1248 tempore,
2384 1165 2420 1226 et

565 1323 690 1388 amodo
713 1325 750 1388 et
771 1322 868 1388 omni
892 1325 1051 1406 tempore
1068 1322 1185 1406 ipsum
1201 1322 1389 1386 arbustum
1405 1321 1536 1386 bonum
1560 1321 1725 1387 lavorare
1749 1320 1915 1407 desuper
1938 1322 1974 1385 et
1997 1318 2040 1385 de
2063 1320 2196 1394 subter,
2214 1317 2307 1384 sicut
2322 1320 2419 1384 locus

564 1473 679 1560 ipsum
695 1475 881 1550 meruerit,
899 1475 940 1539 ut
954 1491 1094 1560 semper
1111 1476 1148 1539 in
1165 1474 1294 1539 melius
1318 1471 1506 1557 proficiant
1521 1475 1558 1538 et
1572 1491 1645 1540 non
1668 1473 1884 1558 dispereant,
1901 1473 1938 1538 et
1960 1473 2084 1539 amodo
2099 1473 2135 1537 et
2150 1470 2246 1537 omni
2263 1473 2419 1556 tempore
2503 1561 2507 1570 ι

565 1646 629 1713 per
645 1632 802 1714 ternpore
817 1629 861 1694 de
877 1627 1053 1694 vindemie
1069 1627 1184 1713 ipsum
1209 1627 1394 1702 iohannes,
1409 1629 1464 1692 vel
1490 1625 1566 1694 eius
1592 1627 1728 1702 eredes,
1743 1627 1878 1694 saciant
1901 1645 1969 1699 me,
1983 1642 2045 1692 seu
2069 1644 2152 1711 pars
2175 1623 2286 1708 ipsius
2309 1627 2421 1690 eccle-

562 1781 627 1860 sie,
642 1784 747 1858 scire,
767 1781 813 1848 ud
830 1781 960 1849 ividem
985 1781 1184 1867 dirigamus
1208 1781 1354 1848 missurn
1371 1785 1542 1858 nostrum,
1558 1785 1594 1848 et
1617 1780 1692 1848 illis
1716 1781 1842 1848 inclita
1863 1778 2108 1867 suprascripta
2123 1797 2204 1846 mea
2227 1777 2419 1844 traditione

563 1941 645 2023 apto
670 1941 827 2024 ternpore
851 1937 924 2003 illis
948 1936 1033 2003 illut
1056 1936 1288 2012 bindemiare‚
1307 1940 1343 2002 et
1367 1936 1479 2003 omnis
1506 1937 1628 2004 vinum
1653 1939 1689 2002 et
1711 1956 1816 2023 poma
1839 1935 1971 2003 exinde
1993 1935 2113 2023 ivique
2136 1935 2181 2002 ad
2201 1936 2418 2022 palmentum

565 2092 661 2158 inter
683 2089 783 2159 nobis
806 2091 1006 2158 dividamus
1030 2110 1094 2177 per
1119 2089 1359 2166 medietatem,
1378 2109 1440 2157 nos
1463 2091 1564 2176 prius
1588 2090 1719 2157 exinde
1735 2091 1903 2158 tollamus
1927 2089 2054 2155 inclita
2076 2089 2278 2164 medietate,
2296 2091 2332 2154 et
2348 2089 2419 2156 alia

564 2247 755 2314 medietate
780 2247 861 2312 inde
887 2247 959 2313 illis
983 2247 1053 2314 sivi
1077 2250 1198 2324 abere,
1216 2251 1252 2312 et
1276 2247 1411 2312 notrire
1436 2228 1583 2311 missum
1609 2245 1652 2312 de
1675 2245 1753 2331 ipsa
1777 2245 1929 2312 ecelesia
1951 2243 2143 2310 secundum
2158 2262 2224 2310 sua
2247 2247 2422 2328 possivili-

565 2403 651 2477 tate,
677 2403 714 2466 et
737 2401 781 2466 ad
805 2419 895 2488 equo
918 2401 961 2467 de
986 2404 1101 2488 ipsum
1126 2401 1272 2468 missum
1296 2401 1383 2466 dare
1408 2401 1578 2466 hordeum
1602 2403 1639 2465 et
1661 2399 1794 2486 palea,
1820 2400 2037 2486 usquedum
2062 2401 2140 2483 ipsa
2163 2399 2282 2466 lrudia
2306 2401 2418 2485 ipsum

567 2555 712 2622 missum
736 2555 988 2634 recollexerit3
1014 2559 1051 2622 et
1074 2555 1176 2622 stetit
1199 2555 1286 2622 dare
1311 2555 1410 2621 nobis
1434 2555 1731 2640 palmentaticum
1756 2575 1828 2622 una
1843 2554 1981 2641 gallina
2005 2557 2095 2622 bona
2117 2573 2179 2641 per
2201 2573 2322 2623 omnes
2346 2553 2422 2620 bin-

564 2709 691 2786 demie,
717 2713 753 2776 et
778 2709 941 2797 quicquit
968 2709 1100 2776 ividem
1123 2708 1394 2788 seminaverint,
1420 2712 1530 2778 deant
1556 2712 1638 2778 inde
1662 2711 1762 2778 nobis
1786 2714 1993 2778 terraticum
2020 2713 2213 2779 secundum
2237 2713 2421 2778 consuetu-

563 2862 683 2946 dinem
708 2863 751 2930 de
776 2863 892 2949 ipsum
917 2865 1046 2939 locum,
1065 2866 1101 2929 et
1125 2865 1336 2948 potestatem
1353 2865 1485 2929 abeant
1507 2883 1590 2949 pars
1614 2864 1724 2949 ipsius
1740 2864 1888 2946 ecclesie
1903 2882 1968 2949 per
1982 2862 2095 2930 omnis
2119 2882 2264 2939 annum,
2280 2863 2420 2949 quando

569 3021 762 3093 boluerint,
788 3018 916 3084 ividem
941 3017 1098 3103 dirigere
1124 3018 1270 3085 missum
1294 3019 1324 3084 si
1348 3037 1464 3084 essere
1489 3019 1580 3084 bona
1604 3017 1806 3083 lavoratum
1829 3017 1944 3102 ipsum
1969 3020 2165 3093 arbustum,
2191 2997 2255 3083 aut
2277 3036 2359 3092 non;
2385 3021 2422 3083 et

563 3173 594 3240 si
619 3173 734 3260 ipsum
758 3175 944 3239 arbustum
958 3172 1306 3238 bonumlavoratum
1331 3189 1400 3237 non
1416 3170 1685 3246 inbenierimus,
1708 3171 1918 3256 potestatem
1930 3171 2098 3236 abeamus
2121 3168 2236 3254 ipsum
2248 3167 2420 3236 iohannes

567 3328 759 3414 pignorare
782 3329 897 3394 omnis
920 3345 1003 3394 suas
1028 3344 1155 3392 causas
1178 3325 1344 3412 legitima
1366 3328 1403 3391 et
1428 3323 1661 3409 inlegitimas.
1688 3322 1788 3388 Unde
1811 3289 1876 3409 per
1888 3322 2147 3388 combenientia
2159 3321 2292 3406 guadio
2313 3323 2421 3390 miehi

563 3481 650 3548 dedi
675 3485 710 3547 et
735 3481 964 3548 mediatorem
992 3481 1102 3548 michi
1126 3480 1243 3567 posuit
1266 3479 1531 3546 constantinum
1559 3498 1705 3564 grecum
1729 3479 1841 3544 fllium
1866 3477 2042 3564 quondam
2066 3477 2225 3562 gregorii
2248 3480 2359 3562 greci,
2386 3487 2421 3554 ot

566 3653 630 3720 per
654 3632 767 3718 ipsam
783 3631 953 3719 guadiam
977 3631 1156 3716 obligavit
1169 3650 1208 3698 se
1228 3633 1265 3696 et
1287 3650 1368 3698 suos
1392 3632 1527 3708 eredes,
1547 3627 1640 3717 quod
1664 3632 1694 3698 si
1719 3631 1843 3698 taliter
1859 3630 1979 3697 omnia
2002 3633 2245 3718 suprascripta
2279 3651 2342 3717 per
2365 3651 2422 3698 su-

568 3785 770 3874 pradictum
792 3785 979 3853 hordinem
993 3785 1093 3853 nobis
1117 3805 1188 3852 non
1201 3783 1462 3871 adimpleverit,
1481 3789 1517 3850 et
1540 3785 1672 3871 aliquit
1688 3786 1772 3853 inde
1788 3783 2061 3862 contradixerit,
2087 3806 2147 3873 per
2163 3787 2425 3854 combenientia

568 3959 632 4025 per
656 3942 769 4024 ipsam
792 3939 962 4025 guadiam
980 3957 1189 4025 componere
1212 3938 1387 4024 obligavit
1409 3957 1446 4003 se
1470 3937 1587 4025 ipsum
1604 3937 1776 4004 iohannes
1801 3937 1936 4004 eteius
1960 3937 2083 4005 eredes
2099 3939 2187 4007 mihi
2210 3941 2307 4008 etad
2323 3929 2417 4007 meos

566 4095 802 4170 subsessores
827 4111 889 4160 seu
913 4109 998 4178 pars
1021 4091 1132 4177 ipsius
1155 4093 1323 4168 ecclesie,
1350 4091 1616 4178 quinquaginta
1639 4095 1719 4159 auri
1744 4091 1873 4160 solidos
1896 4093 2211 4161 constantinianos.
2229 4099 2264 4161 et
2287 4114 2327 4162 oc
2351 4115 2422 4162 me-

567 4265 749 4313 moramus
773 4246 886 4334 ipsam
910 4245 1067 4312 sortione
1092 4247 1214 4312 nostra
1238 4245 1281 4312 de
1305 4245 1421 4332 ipsum
1448 4247 1573 4314 binum
1608 4251 1795 4334 portarent
1828 4243 1909 4315 illut
1931 4248 2046 4335 ipsum
2069 4249 2240 4317 iohannes
2264 4227 2322 4317 vel
2345 4253 2421 4318 eius

566 4401 689 4466 eredes
712 4400 757 4467 ad
780 4400 966 4466 cellarium
990 4399 1101 4487 ipsius
1124 4398 1271 4466 ecclesie
1295 4399 1332 4466 in
1357 4402 1473 4468 locum
1498 4403 1669 4480 nucerie,
1697 4403 1756 4470 ubi
1781 4403 1826 4469 ad
1850 4401 1960 4489 parili
1983 4403 2138 4480 dicitur,
2164 4407 2200 4472 et
2223 4403 2305 4470 illut
2329 4404 2420 4491 quod

568 4557 623 4619 est
646 4553 818 4639 scripturn
843 4554 938 4619 inter
962 4553 1031 4639 ipsi
1056 4553 1203 4639 virguli,
1230 4549 1372 4630 dicitur,
1398 4559 1433 4620 et
1457 4555 1666 4634 cardinalis,
1692 4559 1728 4623 et
1751 4557 1867 4648 ipsum
1890 4557 2098 4634 mediatore,
2124 4559 2216 4644 quod
2240 4557 2340 4627 nobis
2363 4577 2422 4644 po-

544 4699 665 4784 suit,
691 4711 744 4773 est
767 4707 963 4775 bronitores
987 4712 1023 4774 et
1049 4712 1103 4775 est
1126 4683 1312 4775 residente
1327 4707 1372 4775 ad
1396 4713 1496 4775 curte
1521 4709 1696 4782 domnica,
1723 4711 1766 4778 de
1790 4711 1887 4778 intus
1910 4730 1949 4778 ec
1973 4711 2067 4780 cibes
2091 4731 2155 4798 per
2178 4713 2421 4798 suprascripta

568 4864 605 4927 et
628 4861 789 4948 obligata
812 4881 917 4948 pena,
942 4861 1032 4949 quod
1057 4861 1183 4949 scripsi
1207 4881 1272 4948 ego
1296 4866 1418 4948 petrus
1443 4863 1617 4930 notarius.

614 5014 641 5105 †
667 5019 740 5101 Ego
764 5016 928 5082 alderissi
952 5017 1115 5083 notarius
1138 5035 1193 5082 me
1217 5017 1421 5103 subscripsi.

618 5167 644 5256 †
676 5169 744 5253 ‘lgo
769 5171 940 5236 iohannes
965 5172 1125 5239 notarius
1148 5189 1203 5238 me
1227 5169 1432 5256 subscripsi.
