5398 7106
624 467 692 540 166
1027 431 1033 444 ’
1246 459 1729 534 66661161166616
1814 403 1820 414 ¹

458 703 460 708 -
573 677 638 745 per
661 661 777 724 omnis
802 675 925 724 mense
948 675 1019 724 666
1044 659 1118 723 1666
1142 654 1260 722 modia
1276 655 1319 721 de
1335 671 1492 739 granum
1518 642 1648 719 bonum
1665 654 1701 718 et
1718 649 1873 718 medium
1891 648 2061 724 modium,
2087 647 2169 714 etsi
2185 647 2263 732 ipse
2279 649 2426 722 molina,

487 783 491 794 ⁸
525 829 529 836 ·
574 809 731 896 qualiter
755 807 1002 894 supradictum
1026 813 1092 886 est,
1118 827 1190 875 non
1212 789 1382 882 salierit,
1408 765 1627 871 166611616
1652 803 1692 870 16
1716 803 1880 889 partibus
1904 799 2237 902 predicte-ecclesie
2261 819 2332 867 666
2356 803 2430 868 1666

573 962 691 1030 modia
714 963 757 1030 16
780 981 950 1048 granum,
977 963 1137 1050 qualiter
1160 980 1271 1048 supra
1294 961 1443 1047 legitur.
1470 959 1567 1039 Quod
1592 958 1719 1044 scripsi
1743 977 1809 1043 ego
1833 959 1956 1042 petrus
1980 955 2155 1022 notarius.

617 1115 645 1206 †
669 1119 743 1200 Ego
767 1113 932 1182 alderissi
957 1115 1119 1182 notarius
1143 1131 1199 1180 me
1222 1113 1430 1200 subscripsi.

619 1267 646 1357 †
671 1270 744 1352 Ego
769 1268 938 1334 Iohannes
963 1254 1124 1335 66166166
1147 1286 1202 1334 166
1225 1266 1433 1351 subscripsi.

1387 1655 1607 1737 MCCIlI

1347 1889 1407 1961 A.
1436 1885 1492 1960 D.
1521 1887 1647 1962 1054

615 2151 642 2241 †
666 2154 706 2218 In
729 2154 870 2218 nomine
893 2150 1026 2218 (1661161
1050 2151 1295 2219 tertiodecimo
1320 2170 1414 2219 anno
1438 2152 1664 2238 principatus
1688 2152 1808 2219 domni
1841 2149 1954 2218 nostri
1977 2149 2136 2235 gisulphi
2159 2109 2305 2234 gloriosi
2328 2147 2428 2234 prin·

571 2305 673 2390 cipis,
699 2323 819 2371 mense
842 2263 1134 2390 iunia-septima
1158 2305 1363 2373 indictione.
1388 2307 1678 2373 Memoratorium
1704 2309 1841 2373 1661616·
1861 2324 1884 2372 6
1908 2323 1963 2371 me
1986 2283 2156 2389 polcharo
2178 2301 2347 2370 diaconus
2370 2319 2426 2366 ec·

544 2461 679 2558 616616
703 2459 820 2526 sancti
843 2458 1019 2535 maximi,
1056 2477 1096 2525 eo
1121 2459 1214 2544 quod
1238 2477 1360 2526 666616
1384 2460 1566 2544 presentia
1590 2458 1710 2525 domni
1734 2455 1884 2524 edelfert
1908 2453 2204 2540 archipresbiteri
2227 2455 2264 2518 61
2285 2451 2425 2519 abbatis

487 2645 490 2652 ¹
568 2613 682 2700 ipsius
704 2610 855 2678 66616616
877 2611 995 2679 666611
1020 2612 1185 2688 maximi,
1211 2615 1247 2678 et
1270 2631 1335 2696 per
1358 2611 1436 2678 eius
1460 2611 1646 2678 licentiam
1670 2611 1804 2678 tradidi
1821 2609 1866 2676 ad
1891 2607 2084 2675 tenendum
2101 2609 2138 2674 et
2153 2625 2275 2674 casam
2291 2606 2424 2672 166166-

569 2767 649 2833 1661
673 2766 822 2834 16116661
846 2765 918 2832 filio
943 2767 1123 2852 quondam
1148 2767 1339 2852 imperati,
1375 2768 1412 2832 et
1436 2766 1582 2832 iohanni
1607 2765 1679 2832 11116
1704 2765 1881 2851 quondam
1905 2763 2075 2840 visantii,
2112 2765 2149 2829 et
2179 2761 2328 2830 iohanni
2351 2762 2421 2828 11116

569 2885 749 3006 66661616
774 2919 869 3003 66161
892 2921 1029 2985 1666616
1054 2918 1296 3004 pertinentem
1320 2919 1480 3005 predicte
1503 2920 1666 2994 66616616,
1684 2936 1792 3004 quam
1816 2919 1925 2984 hahet
1948 2918 2047 2984 16166
2071 2919 2162 2984 11666
2185 2916 2368 2983 cibitetem
2385 2915 2423 2982 16

568 3071 665 3157 61616
689 3071 733 3138 16
757 3081 878 3136 monte
902 3088 1009 3156 super
1034 3071 1112 3156 1666
1136 3072 1300 3150 66616616,
1319 3091 1388 3158 666
1411 3073 1466 3139 661
1489 3091 1553 3158 666
1578 3090 1774 3139 mensuras:
1792 3073 1836 3139 (16
1851 3071 2038 3156 longitudo
2063 3070 2168 3157 pedes
2185 3068 2340 3154 triginta
2354 3068 2422 3135 duo

569 3227 606 3290 et
630 3224 800 3300 medium,
824 3227 861 3290 ct
883 3224 1033 3291 latitudo
1057 3225 1103 3291 ab
1125 3226 1265 3292 oriente
1289 3227 1326 3291 61
1349 3228 1394 3292 ab
1417 3226 1602 3292 occidente
1625 3243 1697 3292 666
1718 3224 1826 3311 66166
1850 3225 1971 3291 decem
1996 3223 2089 3291 iusto
2113 3222 2202 3308 pede
2218 3224 2421 3289 616666116-

570 3377 690 3454 minis,
715 3397 762 3444 ex
787 3377 882 3442 omni
906 3379 1010 3462 66616
1035 3378 1114 3443 finis
1137 3377 1294 3464 predicte
1317 3377 1927 3455 666166161611661166,61616616
1947 3379 1984 3443 et
2007 3395 2118 3463 usque
2142 3375 2273 3460 viginti
2297 3379 2422 3443 nobem

570 3531 655 3598 anni
680 3530 865 3617 completis
888 3531 1052 3617 predicta
1075 3530 1223 3596 traditio
1247 3549 1314 3597 sua
1337 3533 1513 3618 potestate
1538 3534 1685 3597 teneant
1708 3534 1746 3598 et
1768 3549 1853 3597 casa
1876 3530 2000 3614 lignea
2033 3531 2155 3595 terrea
2178 3529 2282 3596 unius
2306 3545 2424 3614 penne

569 3683 618 3750 ibi
643 3685 790 3757 1661661,
816 3687 853 3749 61
876 3683 1033 3749 habeant
1056 3683 1192 3748 clusam
1217 3683 1254 3747 61
1276 3687 1492 3768 coopertam,
1518 3682 1609 3748 61661
1632 3683 1817 3758 meruerit,
1843 3685 1879 3748 61
1904 3683 1955 3748 ibi
1979 3683 2161 3749 resideant
2184 3685 2221 3748 61
2243 3683 2421 3760 habitent,

568 3839 606 3902 et
628 3834 658 3901 si
682 3835 849 3913 voluerit,
875 3835 1037 3926 homines
1061 3835 1107 3901 61
1132 3819 1360 3901 residendum
1385 3836 1549 3911 mictant,
1567 3839 1604 3901 et
1617 3836 1733 3902 omnis
1758 3835 1902 3902 illorum
1928 3835 2102 3902 utilitates
2125 3835 2219 3901 iusta
2248 3835 2424 3903 rationem

569 3988 619 4055 ibi
643 3987 792 4064 1661666
810 3991 847 4053 61
867 3987 963 4072 'quod
986 4003 1132 4052 censum
1149 3985 1231 4052 inde
1248 3987 1375 4053 tollere
1399 3989 1583 4072 potuerint
1608 4006 1719 4074 usque
1743 3987 1859 4074 ipsum
1884 3987 2128 4065 constitutum,
2154 3989 2224 4056 sibi
2247 3991 2423 4056 habeant.

569 4145 721 4208 Tantum
745 4159 849 4208 omne
873 4158 1007 4208 annum
1031 4138 1104 4204 11116
1128 4141 1165 4205 61
1187 4139 1333 4205 illorum
1357 4139 1506 4207 heredes
1531 4159 1643 4227 66666
1667 4141 1782 4226 166616
1807 4141 2041 4206 constitutum
2055 4141 2165 4208 16661
2186 4141 2317 4208 exinde
2339 4160 2429 4209 cen·

568 4296 706 4360 sum·in
730 4313 815 4380 pars
839 4293 953 4378 ipsius
978 4293 1130 4360 ecclesie
1155 4293 1199 4359 de
1222 4293 1470 4378 suprascripta
1493 4295 1676 4360 mensuris
1699 4297 1894 4378 sexaginta
1918 4293 2067 4359 16116666
2083 4295 2202 4360 bonos.
2229 4294 2428 4380 Oornpletis

568 4467 652 4515 vero
675 4447 762 4534 ipsis
785 4445 917 4532 viginti
941 4451 1069 4514 nobem
1094 4465 1231 4522 66666,
1256 4445 1470 4514 11666111166
1493 4449 1529 4514 61
1552 4403 1695 4514 illorum
1721 4448 1896 4522 heredes,
1921 4449 1958 4512 61
1981 4447 2142 4514 homines
2165 4466 2253 4534 quos
2277 4449 2327 4514 ibi
2352 4449 2429 4516 mi·

566 4602 692 4677 serint,
710 4602 793 4668 inde
815 4601 918 4668 exire
941 4621 1021 4668 cum
1046 4602 1210 4669 omnibus
1234 4600 1381 4668 illorum
1405 4602 1523 4668 causis
1548 4600 1736 4668 mobilibus
1759 4604 1796 4668 61
1819 4619 1899 4667 6661
1924 4600 2116 4668 medietate
2146 4601 2190 4667 de
2214 4601 2353 4668 cunctis
2377 4603 2431 4670 11-

567 4755 801 4840 gnaminibus
825 4753 936 4840 ipsius
960 4773 1067 4832 6666,
1105 4727 1358 4820 et'medietete
1382 4752 1493 4839 ipsius
1517 4771 1598 4820 6666
1621 4754 1720 4819 61666
1744 4756 1780 4819 61
1803 4757 1967 4838 66666616
2002 4771 2083 4819 cum
2107 4756 2184 4820 tota
2216 4754 2296 4840 ipsa
2319 4757 2432 4824 terra

567 4929 681 4978 vacua
705 4910 744 4977 in
767 4927 851 4994 pars
875 4907 1043 4976 iamdicte
1066 4907 1228 4982 ecclesie,
1247 4909 1293 4974 ad
1316 4905 1520 4975 1661661616
1545 4907 1638 4992 6661
1663 4907 1828 4974 voluerit.
1856 4909 2019 4982 Tantum,
2037 4907 2068 4972 61
2084 4906 2163 4992 1666
2186 4909 2330 4974 11166616
2346 4929 2434 4978 me-

568 5059 699 5131 dietate
721 5063 765 5129 de
790 5061 1045 5146 lignaminibus
1070 5060 1179 5146 ipsius
1203 5079 1284 5126 case
1309 5060 1347 5126 in
1371 5060 1450 5145 ipsa
1473 5060 1696 5135 constituta,
1726 5061 1782 5125 vel
1807 5064 1892 5126 6616
1917 5059 2033 5145 ipsum
2056 5061 2290 5128 constitutum
2315 5063 2437 5132 datu-

574 5235 651 5283 ram
675 5219 739 5283 aut
761 5214 980 5282 vindituram
1004 5215 1199 5282 habuerint
1222 5215 1268 5281 ad
1292 5231 1377 5300 6666
1402 5217 1522 5280 666166
1546 5213 1724 5290 ecclesie,
1760 5214 1861 5280 illam
1888 5215 2046 5282 vendant
2068 5219 2104 5282 61
2128 5217 2214 5284 1661
2240 5217 2333 5284 16616
2359 5221 2439 5288 ba-

444 5369 448 5376 '
567 5368 679 5435 116616
703 5367 842 5453 666116,
880 5366 973 5453 6661
998 5365 1091 5433 16616
1114 5365 1225 5432 suerit
1249 5363 1466 5450 appretiata.
1492 5367 1604 5442 Quam
1628 5365 1659 5431 si
1683 5384 1766 5452 6666
1791 5366 1902 5453 166166
1926 5365 2076 5434 66616616
2100 5370 2260 5436 66166611
2282 5388 2435 5452 emere,

566 5521 676 5589 liceat
699 5521 781 5588 illos
805 5522 1008 5587 6111166661
1033 5519 1183 5586 11666166
1206 5520 1309 5586 illem
1333 5521 1422 5588 1666
1445 5519 1504 5587 661
1529 5519 1696 5588 boluerit.
1722 5522 1812 5588 Nam
1836 5521 1866 5588 si
1893 5525 2107 5609 unicumque
2131 5522 2234 5590 illem
2250 5524 2439 5597 dederint

567 5677 644 5744 sine
667 5673 845 5742 solutione
868 5673 911 5740 16
935 5673 1156 5760 6666166166
1180 5671 1358 5752 ecclesie,
1399 5677 1533 5762 absque
1557 5675 1674 5761 pretio
1697 5671 1742 5742 61
1766 5693 1850 5760 6666
1874 5675 2045 5744 iamdicte
2068 5677 2219 5744 ecclesie
2241 5681 2438 5752 rebertat.
