5372 7106
612 451 682 528 idi
1224 447 1402 526 donax
1434 447 1709 526 cavensis

562 665 642 718 reos
664 647 805 726 solides,
833 665 984 736 quorum
1007 665 1163 738 quosque
1187 641 1326 714 habaad
1348 661 1476 716 aureos
1498 641 1604 718 bunos
1627 647 1820 738 quattuor,
1845 642 1961 734 qualis
1984 639 2057 758 illis
2079 641 2203 712 diebus
2225 643 2262 714 in
2282 665 2320 718 ac
2343 653 2401 726 ci.

563 799 676 873 vitata
696 802 842 872 formati
865 799 1011 881 tuerint,
1037 801 1092 870 Ad
1115 797 1382 870 distribuendos
1410 798 1492 872 illos
1515 797 1577 870 ille
1599 801 1715 878 homo,
1738 795 1797 870 eui
1818 816 1858 868 ec
1881 797 2044 870 certain
2068 815 2213 868 manum
2235 807 2403 888 paruerit,

563 975 629 1043 pro
651 973 825 1044 pauperes
847 956 885 1024 et
907 957 1084 1034 hortanus,
1098 955 1191 1024 sicut
1213 955 1248 1023 ei
1270 954 1359 1024 deus
1382 953 1509 1028 melius
1532 949 1774 1042 inspiraverit.
1799 949 1845 1020 nt
1865 947 1910 1028 si,
1933 947 2029 1020 sicut
2056 951 2219 1040 superius
2240 953 2402 1043 scriptum

563 1112 645 1188 ast,
669 1110 744 1198 ipsa
768 1109 893 1179 annito
919 1113 956 1179 et
980 1110 1056 1180 eius
1079 1109 1228 1180 heredes
1250 1108 1320 1198 ipsi
1342 1108 1532 1200 iaqumu,
1571 1111 1609 1180 et
1629 1111 1706 1180 eius
1727 1107 1918 1178 heredibus
1940 1125 2013 1176 non
2045 1105 2347 1194 adimpleverint,
2369 1121 2404 1186 et

563 1262 809 1352 suprascripta
831 1263 894 1330 vel
916 1281 963 1331 ex
985 1261 1037 1332 eis
1060 1261 1250 1353 quicquam
1282 1281 1465 1332 removere
1488 1262 1553 1332 aut
1575 1261 1819 1334 contradicere
1841 1260 2148 1351 presumpserint,
2185 1279 2248 1348 per
2269 1269 2402 1340 cumbe-

566 1417 740 1486 nientiam
777 1436 842 1506 per
879 1417 993 1506 ipsam
1030 1416 1200 1506 guadiam
1228 1415 1403 1505 obligavit
1425 1435 1463 1487 se
1486 1418 1561 1506 ipsc
1582 1417 1728 1488 auditus
1760 1423 1796 1487 et
1817 1417 1895 1486 eius
1918 1413 2067 1484 heredes
2104 1433 2311 1502 componere
2333 1418 2395 1507 ipsi

563 1570 724 1662 iaquinto
747 1575 784 1640 et
806 1572 882 1641 eius
904 1571 1095 1642 heredibus
1128 1559 1264 1660 viginti
1288 1573 1370 1642 auri
1395 1571 1526 1642 solidos
1548 1569 1815 1649 constantines,
1840 1571 1903 1648 et,
1927 1569 2021 1640 sicut
2041 1569 2206 1658 superius
2227 1572 2398 1659 scriptum

566 1725 632 1804 est,
658 1723 867 1814 adimplere:
891 1725 928 1794 et
950 1723 1044 1814 quod
1067 1725 1164 1794 inter
1182 1723 1349 1814 virgulas
1372 1725 1546 1816 scriptum
1569 1728 1636 1807 est,
1661 1725 1807 1814 legitur3
1832 1727 1869 1793 et
1882 1725 1959 1794 aius
1981 1723 2141 1796 heredes.
2166 1725 2214 1792 Te
2229 1723 2415 1794 iohannem

567 1879 748 1948 notarium
769 1877 944 1966 imperavi
967 1879 1149 1948 scrivere.

620 2029 746 2124 †ltgo
769 2030 831 2120 qui
853 2048 963 2119 supra
984 2029 1242 2118 Rcttelgrimus
1266 2030 1391 2100 domes
1416 2033 1454 2098 at
1477 2030 1600 2100 Iudex.
