5454 7104
1287 515 1460 591 tubex
1499 517 1753 594 cnvuhsls

1357 817 1665 902 MCXLVH

1374 1073 1433 1148 A.
1461 1069 1518 1144 D.
1547 1067 1660 1146 1051

625 1333 714 1424 †ln
737 1335 879 1403 nomine
902 1338 1035 1407 domini
1060 1339 1250 1408 tricesimo
1274 1343 1381 1410 tertio
1405 1361 1498 1409 anno
1521 1341 1743 1428 principatus
1765 1339 1885 1407 domni
1910 1340 2022 1407 nostri
2046 1339 2243 1408 Guaimarii
2277 1340 2435 1426 gloriosi·

585 1489 767 1576 principis,
792 1493 837 1557 Et
859 1489 1064 1561 duodecimo
1089 1512 1183 1562 anno
1206 1495 1357 1563 ducatus
1381 1496 1458 1563 eius
1481 1497 1619 1564 amalfis
1642 1499 1679 1562 et
1701 1494 1859 1570 Sirrenti,
1894 1495 1939 1560 Et
1961 1512 2053 1561 nono
2077 1513 2172 1562 anno
2206 1493 2434 1582 principatus

583 1645 620 1708 et
641 1642 798 1729 ipsorum
820 1643 1015 1712 ducatuum
1043 1646 1164 1714 domni
1187 1648 1313 1734 gisulfi
1337 1649 1463 1716 eximii
1487 1649 1659 1736 principis
1693 1653 1730 1715 et
1751 1647 1851 1716 ducis
1874 1647 1940 1714 dlii
1962 1647 2067 1726 eiua,
2104 1666 2224 1716 mense
2249 1649 2441 1726 Ianuario,

584 1798 714 1882 quarta
740 1795 945 1864 Indictione.
971 1799 1065 1866 Ante
1092 1819 1150 1866 me
1174 1802 1368 1869 Iohannem
1396 1802 1548 1870 Iudicem
1571 1803 1720 1871 domnus
1744 1805 1917 1872 Iohannes
1940 1803 2159 1871 venerabilis
2181 1805 2291 1870 abbas
2314 1823 2439 1871 mona-

581 1950 771 2018 steriorum
798 1954 921 2019 sancte
944 1953 1066 2039 sophie
1091 1957 1128 2020 et
1150 1955 1265 2021 sancti
1289 1956 1478 2024 michaelis
1502 1959 1724 2045 archangeli,
1751 1978 1819 2044 que
1843 1961 2047 2026 constructa
2069 1959 2153 2025 sunt
2174 1957 2272 2024 intra
2295 1959 2387 2025 hanc
2413 1978 2442 2026 a.

578 2105 642 2172 deo
665 2109 920 2173 conservatam
944 2107 1204 2175 salernitanam
1228 2105 1439 2188 civitatem,
1474 2117 1511 2178 et
1534 2113 1717 2199 pertinent
1739 2113 1900 2199 paldulfo
1923 2111 1996 2178 tilio
2018 2111 2245 2179 serenissime
2269 2111 2444 2179 recorda*
2521 2137 2524 2142 ·

580 2257 686 2324 tionis
708 2257 827 2324 domni
852 2259 1048 2344 guaimarii
1073 2261 1198 2329 eximii
1221 2263 1395 2350 principis
1419 2265 1628 2332 coniunctus
1662 2267 1716 2332 est
1738 2285 1819 2333 cum
1841 2265 1945 2352 sipha
1969 2265 2044 2332 filia
2067 2264 2245 2352 quondam
2287 2266 2438 2342 stefani,

579 2428 647 2495 que
670 2411 789 2478 fuerat
812 2431 911 2484 uxor
933 2413 1141 2482 aurimundi
1165 2416 1371 2501 presbiteri,
1390 2419 1427 2484 et
1451 2435 1533 2484 cum
1556 2418 1744 2505 griselaita
1766 2418 1842 2486 fllia
1865 2435 2003 2495 eorum,
2021 2420 2058 2483 et
2081 2437 2161 2484 cum
2185 2418 2341 2486 iohanne
2356 2437 2436 2506 pre

481 2624 486 2634 .
576 2561 710 2630 sbitero
733 2565 806 2632 filio
830 2566 1008 2653 quondam
1033 2566 1188 2656 iaquinti
1211 2567 1409 2655 presbitero
1434 2569 1585 2637 maritus
1619 2569 1730 2658 ipsius
1752 2570 1953 2656 griselaite.
1994 2571 2040 2636 Et
2064 2570 2228 2638 fecerunt
2264 2570 2361 2640 inter
2395 2591 2440 2638 se

576 2715 859 2786 convenientiam
883 2737 966 2786 cum
991 2719 1108 2787 idonei
1131 2720 1292 2788 homines
1317 2720 1516 2810 interfuere
1538 2722 1583 2790 de
1607 2726 1712 2790 rebus
1735 2742 1889 2800 eorum,
1924 2726 2017 2790 sicut
2040 2723 2197 2791 inferius
2220 2723 2441 2792 clarificabi*

576 2872 644 2936 tur.
670 2870 739 2958 Ipsi
762 2870 881 2958 sipha,
909 2874 946 2939 et
968 2872 1154 2951 iohannes,
1173 2877 1209 2940 et
1232 2875 1423 2959 griselaita
1446 2875 1621 2944 dederunt
1644 2877 1711 2965 ipsi
1733 2877 1861 2945 domno
1877 2878 1999 2946 abbati
2023 2897 2087 2964 pro
2106 2881 2209 2964 parte
2235 2878 2345 2966 ipsius
2360 2899 2432 2945 mo-

574 3023 723 3091 nasterii
746 3025 892 3091 sanctae
920 3025 1066 3112 sophiae
1090 3027 1271 3113 integram
1296 3031 1434 3096 terram
1458 3048 1539 3098 cum
1562 3049 1646 3099 casa
1669 3049 1804 3110 eorum,
1831 3051 1902 3118 que
1927 3033 1981 3099 est
2004 3032 2102 3098 intra
2126 3033 2219 3099 hanc
2243 3031 2440 3099 salernita-¹
2476 3015 2478 3022 ’

574 3195 660 3243 nam
682 3175 865 3245 civitatem
895 3196 1001 3265 super
1023 3181 1147 3266 platea
1170 3200 1236 3269 que
1261 3182 1362 3249 ducit
1386 3184 1432 3252 ad
1457 3186 1634 3252 rotensem
1656 3187 1810 3270 portam,
1828 3187 1865 3252 et
1886 3187 1941 3252 est
1962 3185 2164 3273 propinqua
2187 3185 2432 3272 suprascripto

572 3331 784 3398 monasterio
806 3334 958 3399 sanctae
981 3333 1143 3420 sophiae,
1168 3336 1205 3400 et
1228 3338 1282 3401 est
1305 3353 1370 3420 per
1395 3337 1482 3404 fines
1505 3339 1543 3404 et
1565 3354 1750 3404 mensuras
1775 3339 1868 3404 iusto
1891 3337 1981 3424 pede
2004 3355 2131 3405 manus
2154 3336 2309 3404 hominis
2334 3357 2437 3404 men-

573 3487 727 3554 suratas:
753 3487 784 3550 A
807 3491 913 3569 parte
936 3487 1083 3556 orientis
1106 3491 1160 3556 est
1181 3488 1264 3556 finis
1288 3489 1389 3558 terra
1404 3489 1515 3576 ipsius
1538 3491 1746 3558 monasterii
1768 3492 1915 3586 sanctae
1931 3491 2078 3577 sophiae
2101 3492 2138 3557 et
2161 3490 2269 3577 pedes
2293 3489 2424 3575 viginti

570 3642 607 3706 et
631 3659 736 3709 unus
776 3643 807 3708 A
830 3643 931 3728 parte
954 3641 1218 3728 septemtrionis
1241 3645 1296 3709 est
1319 3643 1400 3710 tlnis
1424 3643 1586 3711 anditum
1610 3647 1647 3711 et
1668 3644 1774 3730 pedes
1797 3647 1935 3712 nobem.
1961 3647 1993 3710 A
2016 3647 2119 3730 parte
2154 3644 2347 3712 occidentis
2371 3649 2425 3712 est

572 3791 652 3860 finis
674 3792 735 3860 via
757 3793 795 3860 in
819 3813 891 3881 qua
913 3793 1138 3862 stillicidium
1164 3793 1275 3879 ipsius
1298 3813 1380 3862 case
1402 3794 1482 3862 fluit
1503 3797 1540 3861 et
1555 3795 1661 3881 pedes
1684 3793 1815 3880 uiginti
1838 3797 1875 3862 et
1891 3813 1996 3863 unus.
2014 3797 2044 3861 A
2067 3799 2171 3882 parte
2193 3797 2358 3865 meridiei
2374 3801 2438 3865 est,

570 3952 651 4020 finis
673 3955 773 4023 terra
795 3955 953 4042 ipsorum
975 3955 1100 4043 siphae
1122 3958 1160 4022 et
1183 3954 1395 4041 griselaitae
1418 3956 1455 4020 et
1477 3952 1638 4020 iohannis
1661 3954 1698 4018 et
1720 3951 1826 4038 pedes
1857 3953 1983 4018 nobem
2006 3997 2013 4026 ,
2050 3969 2131 4017 cum
2164 3949 2327 4017 omnibus
2351 3969 2419 4037 que

570 4105 669 4175 intra
691 4107 807 4194 ipsam
831 4112 966 4176 terram
990 4127 1071 4175 cum
1095 4126 1180 4176 casa
1202 4109 1299 4183 sunt,
1326 4105 1536 4193 cunctisque
1558 4105 1634 4173 eius
1657 4103 1897 4192 pertinentiis,
1915 4106 1952 4170 et
1974 4122 2055 4170 cum
2078 4103 2154 4190 ipso
2176 4101 2360 4170 stillicidio
2387 4107 2432 4169 et.

570 4280 651 4330 cum
675 4261 751 4330 vice
775 4262 819 4329 de
841 4261 926 4348 ipsis
951 4259 1011 4328 via
1033 4263 1070 4328 et
1092 4259 1218 4328 auditu
1241 4278 1286 4327 ea
1303 4259 1444 4328 ratione
1468 4261 1508 4326 ut
1522 4276 1661 4345 semper
1683 4257 1731 4325 sit
1753 4257 1792 4326 in
1807 4258 1982 4344 potestate
2013 4255 2124 4342 ipsius
2140 4255 2260 4322 domni
2286 4254 2435 4323 abbatis.

565 4419 602 4482 θῖ
624 4433 866 4484 successorum
890 4416 997 4492 eius,
1023 4417 1061 4482 et
1082 4414 1197 4501 partis
1219 4413 1332 4500 ipsius
1358 4411 1567 4481 monasterii
1589 4413 1736 4480 sanctae
1758 4409 1930 4497 sophiae,
1957 4411 1994 4475 et
2019 4407 2127 4476 liceat
2149 4408 2257 4476 illum
2280 4411 2318 4476 et
2341 4425 2421 4476 suc-

567 4588 724 4638 cessores
747 4571 823 4638 eius
847 4573 884 4638 et
907 4573 1047 4658 partem
1070 4569 1183 4658 ipsius
1205 4565 1418 4636 monasterii
1443 4567 1487 4636 de
1509 4583 1553 4635 ea
1575 4567 1694 4634 facere
1717 4563 1810 4653 quod
1834 4561 2029 4631 voluerint.
2055 4563 2100 4628 nt
2124 4561 2194 4648 ipsi
2216 4560 2349 4649 sipha,
2387 4565 2435 4629 et.

567 4723 770 4811 griselaita,
795 4729 832 4792 et
853 4725 1028 4793 iohannes
1051 4723 1228 4812 presbiter
1246 4723 1487 4809 susceperunt
1508 4723 1554 4788 ab
1569 4720 1645 4808 ipso
1669 4715 1793 4786 domno
1816 4714 1951 4794 abbati,
1969 4714 2053 4783 dum
2078 4733 2247 4783 unacum
2272 4734 2313 4782 eo
2328 4719 2423 4783 esset

567 4879 759 4947 advocatus
781 4881 872 4957 eiua,
889 4879 970 4947 auri
993 4877 1124 4946 solidos
1148 4875 1421 4966 quinquaginta
1436 4875 1571 4960 septem
1594 4870 1743 4940 inomni
1759 4869 2031 4938 deliberatione.
2058 4870 2103 4934 Et
2124 4885 2189 4954 per
2203 4867 2317 4954 ipsam
2335 4886 2432 4954 gua--

567 5031 664 5102 diam
686 5032 939 5120 obligaverunt
961 5050 999 5102 se
1022 5035 1060 5100 et
1081 5050 1163 5101 suos
1179 5028 1333 5099 heredes
1356 5045 1504 5134 semper
1519 5023 1708 5094 defendere
1732 5019 1798 5109 ipsi
1813 5021 1942 5088 domno
1967 5020 2089 5087 abbati
2113 5023 2149 5086 et
2160 5020 2431 5088 successoribus.

567 5184 678 5254 illius:
702 5144 741 5253 et
761 5189 901 5272 partem
927 5186 1038 5274 ipsius
1053 5183 1262 5254 monasterii
1278 5183 1462 5270 integram
1485 5177 1766 5265 suprascriptam
1783 5177 1919 5242 terram
1943 5193 2025 5241 cum
2048 5191 2132 5241 cesa
2153 5191 2218 5259 per
2232 5173 2431 5241 iamdictos.

567 5343 654 5408 fines
676 5343 713 5408 et
735 5357 931 5418 mensuras,
946 5361 1037 5416 ,cum
1061 5341 1224 5408 omnibus
1248 5357 1318 5426 que
1343 5341 1440 5405 intra
1462 5355 1541 5404 eam
1564 5281 1668 5410 sunt,
1693 5333 1899 5418 cunctisque
1922 5329 2000 5398 eius
2022 5329 2252 5417 pertinentiis
2276 5332 2314 5396 et
2337 5347 2418 5395 curn

567 5493 642 5579 ipso
664 5493 872 5570 stellicidio,
898 5495 935 5559 et
958 5511 1037 5561 cum
1062 5493 1140 5559 vice
1163 5491 1207 5558 de
1232 5489 1318 5576 ipsis
1343 5488 1463 5555 viaet
1486 5477 1612 5554 andito
1632 5489 1678 5554 ab
1700 5485 1862 5553 omnibus
1885 5482 2087 5550 hominibus
2110 5485 2147 5548 et
2168 5480 2343 5569 partibus.
2374 5481 2429 5545 Εῖ.

567 5647 769 5715 tribuerunt
790 5647 858 5734 ipsi
881 5647 1009 5715 domno
1034 5645 1155 5714 abbati
1178 5643 1378 5718 licentiam,
1398 5645 1437 5708 ut
1460 5640 1601 5727 quando
1625 5639 1687 5706 ille
1710 5643 1747 5706 et
1769 5655 1988 5706 successores
2011 5637 2124 5710 illius,
2142 5637 2178 5701 et
2207 5651 2293 5720 pars
2308 5631 2426 5719 ipsius.

565 5801 772 5868 monasterii
797 5801 912 5886 illam,
927 5798 1020 5868 sicut
1042 5797 1328 5885 suprascriptum
1354 5797 1419 5872 est,
1438 5794 1628 5863 defendere
1651 5810 1715 5879 per
1738 5809 1776 5858 se
1800 5789 1989 5868 voluerint,
2008 5789 2217 5874 potestatem
2243 5785 2421 5862 habeant,
