5398 7106
629 507 698 586 lat
949 441 956 453 ι
1260 502 1451 579 donax·
1477 501 1742 580 obtunsis

571 704 748 774 discernit
769 723 792 771 a
813 702 910 772 socia
930 702 976 770 de
999 701 1123 772 eredes
1145 701 1323 789 quondam
1349 702 1498 776 iohanni
1520 701 1583 788 qui
1606 699 1675 770 fuit
1696 699 1742 768 de
1755 698 1878 768 eodem
1900 699 1979 766 loco
2002 695 2171 784 rutigini,
2188 697 2226 764 01
2242 698 2345 766 ambo
2361 695 2430 788 ipsi

574 855 709 925 balloni
734 854 953 922 descendunt
976 855 1014 925 in
1037 855 1179 922 vallone
1203 855 1337 923 maiore
1362 854 1405 922 de
1428 873 1537 942 super
1558 857 1689 942 parte,
1728 853 1822 923 sicut
1844 854 1964 948 limite
2000 849 2192 922 0110113111
2223 829 2431 920 discernunt

576 1012 734 1080 11110100
757 1013 863 1079 rebus
886 1014 923 1079 01
946 1009 1086 1088 1111013,
1114 1029 1221 1099 quam
1244 1009 1376 1082 ividem
1401 1009 1566 1079 retinunt
1588 1011 1712 1080 eredes
1735 1009 1847 1098 ipsius
1869 1010 2045 1088 iohanni,
2078 1028 2186 1098 quam
2211 1008 2294 1076 illut
2317 970 2430 1096 paone

573 1167 618 1234 ad
642 1165 903 1254 pastenandum
927 1165 1059 1235 retinet
1081 1167 1129 1234 da
1151 1139 1298 1236 illorum
1321 1165 1557 1243 consortibus,
1582 1167 1619 1232 et
1641 1165 1769 1251 iunget
1791 1163 1829 1232 in
1853 1163 1930 1251 ipso
1953 1166 2096 1232 ballone
2121 1163 2242 1251 priore
2266 1163 2367 1237 finis,
2394 1163 2430 1228 01

572 1323 629 1388 031
651 1320 730 1408 1033
753 1320 859 1387 rebus
882 1337 963 1387 cum
987 1317 1185 1406 supradicti
1208 1320 1271 1387 flni
1293 1319 1332 1390 in
1356 1319 1500 1388 lucania
1523 1317 1699 1406 partibus.
1726 1325 1796 1387 Hec
1820 1337 1904 1387 vero
1927 1317 2087 1406 predicte
2116 1320 2223 1386 rebus
2245 1317 2289 1385 de
2306 1316 2432 1385 iamdi-

576 1479 633 1544 cto
656 1475 733 1543 loco
756 1493 821 1564 001
843 1475 1088 1563 300103011010
1110 1475 1191 1543 finis
1225 1478 1301 1544 1013
1324 1478 1361 1542 01
1383 1476 1528 1562 integra
1550 1475 1653 1542 illam
1688 1474 1754 1542 tibi
1777 1473 1970 1560 grimoaldi
2008 1469 2153 1542 clerici
2174 1471 2429 1540 venumdemus

575 1647 657 1695 cum
682 1629 831 1696 introitu
856 1630 893 1695 et
916 1627 1018 1696 exitu
1042 1631 1079 1696 et
1102 1627 1178 1696 vice
1202 1628 1246 1696 de
1271 1627 1338 1698 viis
1360 1629 1447 1706 suis,
1472 1631 1613 1696 etcum
1636 1627 1757 1696 omnia
1780 1628 1878 1695 intra
1906 1629 1981 1714 ipsc
2003 1625 2084 1694 linis
2107 1626 2296 1695 aventinus
2317 1627 2430 1696 onmi-

575 1784 709 1871 busque
733 1782 815 1850 inde
837 1781 1071 1870 pertinentes,
1089 1781 1135 1850 ad
1161 1779 1338 1852 securiter
1362 1785 1398 1848 et
1421 1781 1576 1849 firmiter
1599 1781 1724 1849 amodo
1748 1783 1939 1867 etsemper
1955 1784 1994 1849 tn
2011 1781 2193 1868 predictus
2208 1781 2429 1868 grimoaldus

574 1935 728 2004 clericus
752 1937 789 2004 et
811 1939 890 2004 tuos
914 1935 1037 2004 eredes
1061 1935 1171 2036 illut,
1198 1935 1292 2002 sicut
1314 1933 1450 2001 dictum
1473 1937 1557 2012 est,
1582 1934 1786 2010 avendum,
1812 1933 2096 2010 dominandum,
2123 1934 2370 2020 possidendum
2394 1938 2431 2000 ct

572 2089 693 2158 omnia
716 2089 846 2158 exinde
869 2089 1097 2166 faciendum,
1123 2107 1192 2176 que
1216 2087 1281 2156 tibi
1304 2087 1429 2176 tuique
1453 2087 1620 2156 enodibus
1643 2087 1849 2176 placuerit,
1884 2089 2018 2173 absquo
2041 2087 2139 2156 omni
2170 2089 2429 2156 contrarietate

578 2245 724 2322 nostra,
750 2245 806 2310 vel
830 2243 873 2312 de
897 2245 1036 2313 nostros
1059 2241 1210 2320 eredes,
1237 2244 1302 2309 aut
1325 2241 1457 2328 cuique
1480 2238 1694 2310 hominibus.
1721 2199 1820 2310 Unde
1843 2260 1909 2328 pro
1932 2241 2212 2311 confirmandam
2236 2245 2273 2308 et
2294 2241 2431 2310 stabili-

577 2397 744 2464 scendam
769 2417 838 2465 ano
861 2400 987 2465 nostra
1008 2396 1226 2465 vindictionc
1250 2415 1345 2463 nunc
1370 2415 1392 2462 a
1416 2397 1581 2482 presente
1597 2396 1796 2484 recepimus
1820 2398 1895 2464 ate
1918 2397 2108 2464 iamdictus
2123 2397 2345 2484 grimoaldus
2360 2398 2432 2464 cle-

575 2552 670 2620 ricus
694 2553 870 2620 statutum
895 2552 1064 2639 pretium,
1082 2551 1093 2618 i
1111 2555 1194 2620 sunt
1217 2553 1255 2620 in
1279 2571 1368 2619 auro
1392 2551 1525 2620 solidos
1549 2549 1704 2636 triginta
1720 2570 1827 2654 unum
1854 2571 1924 2620 3113
1948 2554 2118 2639 quattuor
2141 2553 2213 2621 tari
2237 2573 2302 2640 per
2320 2572 2428 2622 unum

578 2725 717 2794 quoque
740 2707 891 2775 solidum
915 2707 955 2776 in
977 2709 1075 2776 omni
1099 2709 1368 2786 deliveratione,
1393 2707 1487 2776 sicut
1511 2709 1606 2774 inter
1630 2725 1692 2774 nos
1716 2707 1958 2775 convenimus.
1996 2707 2184 2795 Finitoque
2208 2728 2291 2777 vero
2315 2708 2430 2796 pretio

572 2863 661 2948 ipso,
687 2866 726 2930 ut
748 2862 884 2930 dictum
907 2865 973 2938 est,
1003 2865 1092 2948 aput
1114 2882 1177 2930 nos
1200 2882 1243 2929 ea
1266 2863 1405 2930 ratione
1428 2863 1563 2950 guadia
1586 2863 1652 2932 tibi
1675 2862 1866 2949 grimoaldi
1890 2863 2017 2930 clerici
2042 2882 2216 2932 unacum
2239 2863 2355 2950 ipsum
2380 2863 2431 2930 vi·

576 3037 655 3085 rum
680 3019 717 3085 et
741 3017 928 3085 mundoalt
949 3035 1067 3084 meum
1091 3015 1278 3092 dedimus,
1304 3017 1341 3082 et
1364 3016 1596 3085 mediatorem
1621 3018 1687 3085 tibi
1711 3015 1889 3103 posuimus
1918 3017 2138 3086 domnandus
2160 3018 2312 3085 clericus
2335 3017 2431 3084 illius

578 3171 757 3258 quondam
782 3171 916 3240 andree
939 3170 1087 3248 clerici,
1124 3174 1160 3237 01
1183 3187 1244 3256 001
1267 3170 1391 3238 eadem
1414 3171 1586 3257 guadiam
1610 3175 1648 3239 et
1671 3171 1957 3241 convenientiam
1980 3173 2099 3258 obligo
2123 3191 2178 3240 me
2208 3191 2274 3258 ego
2299 3172 2428 3248 maria,

579 3344 652 3393 una
675 3344 754 3393 cum
780 3325 896 3413 ipsum
920 3326 1037 3394 virum
1061 3329 1098 3393 01
1121 3325 1305 3396 mundoalt
1327 3345 1445 3392 meum
1470 3328 1507 3392 01
1530 3329 1670 3395 11031103
1695 3328 1847 3405 eredes,
1879 3327 2043 3414 predicta
2066 3331 2191 3396 nostra
2214 3327 2430 3397 vindictionc

579 3479 643 3549 tibi
668 3480 793 3567 tuique
816 3482 981 3550 eredibus
1004 3481 1261 3552 defensandum
1285 3487 1331 3552 ab
1354 3483 1519 3551 omnibus
1542 3483 1758 3560 hominibus,
1786 3487 1832 3553 ab
1854 3487 2022 3572 omnique
2046 3485 2235 3571 partibus,
2261 3483 2371 3552 etiam
2394 3490 2431 3551 et
2495 3559 2504 3576 .

580 3636 627 3702 da
650 3635 725 3703 illis
748 3637 951 3705 hominibus
975 3642 1011 3705 01
1036 3637 1211 3724 partibus,
1237 3637 1298 3724 qui
1322 3657 1386 3720 010
1411 3639 1542 3706 11031113
1566 3641 1602 3705 01
1625 3657 1749 3706 03111111
1773 3641 1829 3706 vel
1855 3638 2002 3706 illarum
2029 3641 2194 3726 partibus
2217 3640 2433 3726 qualiscum-

577 3809 643 3878 que
668 3790 832 3857 miserint
854 3791 1096 3859 causationis:
1121 3797 1158 3859 ct
1181 3793 1322 3878 quando
1347 3792 1533 3860 volueritis
1556 3792 1688 3860 exinde
1709 3811 1786 3860 esse
1810 3799 1953 3861 autores
1977 3798 2013 3861 et
2041 3793 2255 3870 defensores,
2281 3813 2346 3881 per
2370 3796 2430 3861 bos

577 3943 673 4028 ipsos
697 3946 774 4010 vice
798 3947 921 4012 nostra
945 3945 1129 4012 licentiam
1153 3947 1191 4011 et
1213 3947 1424 4031 potestatem
1449 3947 1589 4014 abeatis
1612 3965 1692 4014 cum
1717 3947 1787 4014 ista
1811 3949 1980 4025 cartula,
2018 3965 2087 4015 seu
2111 3967 2191 4016 cum
2227 3949 2334 4036 quale
2358 3949 2431 4015 alia

574 4097 753 4166 monimen
776 4102 813 4166 et
837 4097 996 4167 rationes
1020 4100 1103 4167 inde
1127 4118 1234 4167 avere
1258 4101 1459 4187 potueritis,
1485 4101 1592 4170 simul
1616 4105 1653 4170 et
1678 4122 1759 4170 cum
1795 4102 2027 4172 duecartule
2049 4104 2279 4207 scriptionis,
2317 4123 2429 4192 quea

571 4253 749 4339 0103011113
772 4254 870 4322 vobis
895 4252 1109 4330 remisimus,
1136 4274 1205 4341 que
1228 4253 1416 4333 continunt
1439 4257 1518 4343 ipsa
1542 4261 1646 4326 rebus
1669 4258 1779 4327 michi
1802 4276 1878 4326 csse
1896 4259 2129 4346 pertinentes,
2144 4261 2208 4327 aut
2226 4278 2306 4326 cum
2324 4261 2429 4347 quale

577 4405 652 4473 alia
676 4407 854 4475 monimen
879 4407 961 4475 inde
986 4409 1176 4496 potueritis
1200 4427 1307 4478 avere
1327 4459 1334 4487 ,
1359 4410 1454 4477 sicut
1476 4411 1611 4480 dictum
1636 4415 1711 4490 est,
1737 4411 1778 4480 in
1802 4412 1964 4480 omnibus
1987 4413 2070 4480 inde
2094 4432 2245 4482 causare
2268 4417 2305 4480 et
2325 4415 2430 4481 finem

572 4563 698 4628 facere
717 4565 788 4638 ,01
810 4562 894 4630 illut
918 4563 1016 4630 vobis
1039 4563 1254 4630 defensaret.
1280 4565 1383 4638 Nam,
1412 4563 1553 4650 quando
1578 4582 1639 4631 nos
1662 4566 1870 4650 nostrosque
1893 4563 2016 4631 eredes
2038 4563 2122 4632 inde
2145 4570 2289 4634 autores
2313 4571 2349 4633 01
2372 4566 2431 4634 de-

572 4717 731 4783 fensores
754 4733 862 4781 avere
886 4712 1100 4802 quesieritis
1127 4735 1189 4784 1103
1213 4719 1330 4785 3010111
1354 4720 1564 4803 nostrosque
1587 4715 1711 4784 eredes
1734 4715 1818 4784 illut
1840 4717 1938 4785 vobis
1960 4707 2195 4798 defensemus,
2212 4720 2306 4788 sicut
2328 4739 2430 4807 supe·

570 4871 647 4935 rius
672 4869 819 4954 legitur;
845 4868 896 4936 sic
921 4873 1064 4944 tamen,
1092 4872 1131 4936 ut
1156 4869 1349 4938 remittatis
1374 4872 1475 4940 nobis
1500 4871 1557 4938 vel
1580 4871 1626 4940 ad
1650 4875 1788 4940 11031103
1812 4871 1935 4939 eredes
1957 4873 2034 4960 ipse
2057 4874 2126 4941 due
2157 4875 2296 4942 cartule
2320 4875 2428 4943 01310

570 5000 651 5087 oiim
675 5021 908 5100 1110010013,
934 5022 1026 5109 quod
1049 5041 1159 5110 supra
1183 5023 1318 5091 dictum
1347 5027 1428 5100 est,
1454 5025 1673 5093 defensemus
1697 5029 1734 5093 et
1756 5030 1925 5096 abeamus
1948 5026 2009 5097 ille
2033 5050 2144 5120 usque
2168 5034 2213 5100 ad
2236 5032 2428 5102 diffinitam

569 5177 697 5260 legem3
723 5178 761 5242 ct
783 5179 862 5261 post
883 5177 988 5244 finem
1012 5177 1108 5246 facta
1132 5179 1356 5252 remittamus
1380 5179 1445 5246 tibi
1469 5182 1526 5246 vel
1551 5182 1596 5249 ad
1621 5185 1699 5250 tuos
1722 5183 1845 5252 eredes
1869 5188 1971 5253 ambo
1994 5184 2071 5271 ipse
2086 5188 2226 5254 cartule
2249 5189 2326 5255 sinc
2351 5207 2429 5256 1113-

569 5329 653 5395 0113
677 5331 713 5396 01
735 5331 847 5397 salve.
888 5332 984 5408 Quod
1008 5332 1038 5398 si
1062 5331 1105 5400 de
1129 5350 1168 5398 ec
1192 5334 1312 5400 omnia
1336 5334 1427 5420 quod
1451 5333 1615 5420 superius
1639 5335 1787 5423 legitur,
1813 5337 1879 5405 tibi
1902 5337 2094 5425 grimoaldi
2117 5339 2242 5429 tuique
2264 5341 2432 5411 eredibus

572 5501 643 5550 non
668 5483 994 5572 adimpleverimus,
1021 5489 1057 5552 01
1082 5488 1242 5554 10110310
1265 5505 1327 5554 seu
1353 5505 1534 5556 removere
1558 5489 1642 5558 illut
1664 5492 1910 5578 quesierimus,
1928 5496 1965 5561 et
1988 5495 2232 5584 quodcumque
2254 5447 2434 5565 causatio-

571 5637 628 5704 nis
652 5637 821 5706 advcrsus
845 5658 906 5707 vos
922 5639 1053 5708 exinde
1070 5641 1360 5727 proposuerimus
1384 5660 1449 5727 per
1473 5661 1535 5709 nos
1552 5645 1616 5711 aut
1638 5663 1702 5731 per
1717 5647 1929 5714 submissam
1945 5650 2116 5726 nostram,
2135 5653 2172 5717 et
2185 5651 2434 5740 suprascripta

571 5789 671 5858 vobis
693 5791 892 5880 vestrisque
915 5793 1085 5862 eredibus
1109 5813 1179 5864 non
1204 5794 1530 5880 adimpleverimus;
1558 5797 1638 5865 Ideo
1662 5816 1726 5886 per
1749 5801 2032 5870 convenientiam
2055 5803 2172 5891 obligo
2196 5825 2251 5873 me
2267 5823 2333 5894 ego
2357 5827 2436 5876 ma-
