5372 7106
519 602 522 607 .
597 533 623 609 e
1259 515 1681 646 nanreuaou

547 729 727 834 sedentem
751 729 891 799 libertis
914 724 1128 818 sapphirina
1151 731 1294 799 marieti
1319 731 1362 817 (i)
1385 733 1422 799 et
1443 675 1570 817 spicas.
1597 730 1729 796 Erbosa
1749 712 1867 794 ¹tutela
1889 725 1974 794 solis
2003 723 2169 812 ingenuit
2192 725 2314 792 lobem
2337 740 2400 790 ee·

548 886 689 954 dentem
714 871 885 974 aquilam.
910 886 1032 955 liberti
1055 887 1213 986 aquilam
1238 904 1348 974 supra
1371 887 1502 954 flumen
1525 885 1679 952 stantem
1695 881 1790 949 servi
1806 881 1938 969 aquilae
1963 865 2141 966 unguibus
2164 897 2330 946 coronam
2348 881 2401 946 te·

549 1042 704 1108 nentem.
730 1039 914 1125 Egyptilla
937 1041 1050 1107 tutela
1072 991 1237 1108 Veneris.
1256 1038 1421 1128 ingenuit
1436 1055 1601 1106 venerem
1626 1035 1810 1104 victricem
1833 1033 1954 1102 liberti
1978 1050 2143 1126 uenerem
2166 1049 2302 1100 armam
2318 1047 2404 1098 con-

549 1147 777 1262 siderantem.
803 1195 869 1262 hoc
892 1195 947 1261 est
970 1194 1152 1262 trientem.
1178 1193 1273 1264 servi
1297 1194 1497 1261 columbam
1521 1209 1631 1278 supra
1654 1193 1845 1258 astantem.

595 1347 722 1436 Incipit
747 1351 797 1432 (1)
820 1347 960 1417 indicia'
981 1348 1191 1416 valitudinis
1206 1348 1250 1416 de
1266 1348 1444 1436 lapidibus
1468 1349 1505 1414 et
1518 1365 1641 1414 eorum
1657 1345 1809 1413 virtutes
1833 1343 2047 1430 amigeronie
2067 1342 2117 1428 (2)
2134 1339 2328 1409 doctissimi
2344 1339 2398 1424 (3)

581 1501 699 1598 ¹Lapis
719 1502 880 1578 ethiten:
908 1503 1054 1571 Etlriten
1082 1504 1132 1587 (4)
1156 1520 1240 1570 vero
1264 1500 1356 1588 lapis
1381 1501 1538 1568 maxime
1564 1503 1701 1567 naturae
1725 1499 1924 1564 tumentum
1948 1497 2026 1581 (stc)
2051 1499 2101 1580 (5)
2125 1495 2270 1562 donavit
2293 1495 2399 1560 Daue.
2475 1591 2479 1600 Ι

553 1663 650 1723 Hunc
666 1655 820 1744 primum
838 1657 990 1744 lapidem
1015 1655 1218 1725 hominibus
1242 1653 1457 1722 munimenti
1479 1656 1601 1740 gratia
1615 1651 1753 1719 salutis.
1764 1653 1943 1740 Quemque
1966 1649 2087 1738 aquila
2102 1649 2295 1736 apportans
2318 1664 2399 1714 eum

552 1811 590 1878 in
614 1809 735 1878 nidum
758 1829 862 1878 suum
885 1813 932 1878 ab
948 1809 1119 1877 extremis
1136 1807 1300 1895 partibus
1317 1811 1438 1874 orbem
1466 1809 1644 1873 terrarum
1667 1804 1976 1874 custodiendorum
1991 1805 2137 1870 oborum
2154 1817 2402 1870 suorumcau-

552 1983 603 2030 sa.
630 1965 680 2048 (6)
705 1964 850 2031 Ethiten
874 1967 929 2030 est
951 1962 1043 2050 lapis
1066 1963 1183 2034 colore
1207 1963 1368 2048 puniceo.
1395 1959 1470 2026 viso
1495 1959 1703 2046 asperrimo.
1722 1962 1759 2026 et
1773 1960 1882 2026 habet
1904 1957 2001 2025 infra
2016 1975 2053 2024 se
2069 1957 2221 2023 alterum
2236 1953 2390 2042 lapidem

554 2117 666 2184 veluti
688 2135 881 2203 pregnans.
906 2117 1012 2185 Utilis
1034 2123 1087 2186 est
1110 2114 1317 2184 mulieribus
1340 2114 1600 2202 pregnantibus
1635 2111 1906 2196 circumligatus
1941 2109 2036 2178 enim
2072 2108 2217 2176 brachio
2254 2107 2403 2176 sinistro

557 2289 626 2338 non
648 2265 824 2358 permittit
846 2271 1015 2339 seminam
1039 2273 1206 2338 aborsum
1230 2272 1362 2338 lacere.
1381 2272 1442 2336 Est
1459 2272 1578 2337 autem
1602 2267 1695 2336 idem
1719 2265 1765 2334 ad
1789 2264 2012 2335 velocitatem
2036 2265 2162 2352 partus
2186 2261 2403 2350 aptissimus.

556 2423 645 2490 Nam
667 2423 894 2510 periclitante
917 2424 1068 2490 muliere
1105 2422 1328 2489 introductus
1363 2424 1400 2489 et
1423 2421 1531 2488 tritus
1565 2439 1672 2506 super
1698 2417 1939 2505 lumbaginem
1962 2418 2040 2506 ejus
2063 2419 2213 2505 positus.
2238 2420 2407 2485 continuo

554 2579 678 2664 partus
706 2577 936 2646 liberabitur.
953 2579 1122 2644 Preterea
1136 2575 1360 2644 conservavit
1375 2578 1425 2659 (7)
1442 2577 1626 2661 gerentem
1650 2593 1688 2643 se
1704 2573 1862 2643 sobrium
1885 2573 1981 2642 enim
1997 2572 2138 2640 efficiet.
2155 2572 2264 2659 atque
2279 2573 2406 2641 omnia

555 2733 784 2817 superantem
809 2733 915 2798 rebus
938 2729 1178 2797 familiaribus
1213 2728 1362 2813 augerii
1384 2730 1421 2796 et
1443 2729 1644 2816 opinionem
1679 2730 1806 2795 bonam
1840 2723 2038 2797 diffamavit
2060 2729 2098 2795 et
2120 2725 2408 2814 gratiosissimus

556 2884 639 2962 erit.
664 2883 731 2962 Qui
754 2885 850 2952 huno
876 2883 1030 2970 lapidem
1052 2883 1190 2970 gererit
1213 2885 1250 2949 et
1274 2884 1460 2952 introitum
1477 2886 1527 2969 (8)
1552 2881 1745 2951 facillimus
1767 2881 1930 2950 omnibus
1953 2881 2017 2949 deo
2041 2885 2078 2949 et
2100 2881 2307 2950 hominibus
2331 2899 2413 2949 am-

558 3035 652 3121 plius
677 3037 832 3104 infantes
856 3037 1065 3124 puellasque
1080 2997 1286 3104 conservat.
1312 3037 1382 3103 Iste
1405 3033 1500 3120 lapis
1523 3055 1546 3103 a
1569 3039 1705 3103 castore
1731 3038 1769 3103 et
1796 3035 1935 3123 polluce
1958 3037 2031 3122 (9).
2053 3035 2345 3125 limphaticisque
2368 3039 2407 3105 et

561 3191 760 3259 terroribus
783 3191 946 3259 nefandis
968 3189 1091 3259 efficit.
1118 3193 1158 3257 ut
1181 3209 1246 3258 nec
1269 3189 1387 3259 nisum
1410 3193 1617 3260 somnentur
1633 3210 1698 3260 nec
1721 3193 1929 3280 frequenter
1951 3192 2094 3261 cadant.
2112 3191 2148 3260 Si
2164 3211 2268 3280 quem
2291 3193 2405 3281 suspi-

560 3345 698 3414 careris
721 3362 796 3414 esse
820 3345 1053 3413 venenarium
1077 3343 1113 3412 in
1136 3344 1238 3413 domo
1262 3349 1337 3414 tua.
1363 3345 1466 3414 mitte
1489 3348 1584 3414 hunc
1618 3346 1771 3434 lapidem
1798 3347 1836 3415 in
1866 3347 2117 3434 pulmentario.
2141 3351 2178 3414 et
2202 3347 2318 3415 invita
2340 3365 2406 3414 su-

558 3502 718 3588 spectum
741 3499 786 3567 ad
808 3516 946 3567 cenam.
972 3501 1057 3568 tunc
1081 3500 1113 3568 si
1137 3501 1221 3570 talis
1244 3496 1351 3568 luerit
1373 3500 1436 3568 ille
1471 3500 1563 3569 nihil
1587 3501 1829 3569 manducavit.
1855 3503 1890 3570 et
1910 3501 1942 3570 si
1965 3519 2072 3570 ausus
2103 3501 2214 3570 fuerit
2236 3501 2412 3569 devorare

560 3673 630 3724 non
652 3653 796 3741 poterit.
823 3655 926 3722 tanta
948 3653 1144 3740 potentiam
1167 3654 1278 3721 habet
1300 3649 1367 3722 iste
1390 3652 1495 3740 lapis.
1521 3655 1630 3730 Quem
1652 3651 1683 3720 si
1707 3654 1896 3722 sustuleris
1920 3672 1966 3721 ex
1989 3656 2231 3742 pulmentario
2255 3653 2409 3740 incipiet

560 3809 624 3878 ille
647 3809 829 3878 maleficus
853 3807 1069 3877 manducare
1092 3811 1129 3876 et
1151 3807 1359 3878 iocundare.
1374 3810 1448 3876 lras
1464 3829 1605 3900 quoque
1628 3807 1823 3897 potentium
1846 3828 1982 3878 summe
2004 3810 2132 3880 delinit
2146 3813 2320 3897 gestatus.
2339 3810 2407 3880 Hic

480 4437 482 4444 ¹
599 4413 643 4493 (l)
665 4413 701 4476 P.
724 4431 743 4475 a
762 4412 802 4474 A.
824 4408 995 4492 incipiunt.

604 4557 649 4638 (2)
670 4555 729 4618 Nel
749 4560 856 4617 nostro
877 4553 1005 4627 Codice,
1028 4574 1047 4616 e
1068 4573 1147 4636 pure
1168 4555 1222 4618 nel
1244 4554 1343 4630 Pitra‚
1368 4555 1588 4633 Amigeronis;
1611 4575 1629 4618 e
1650 4574 1713 4618 non
1733 4555 1962 4636 Damigeronis
1983 4557 2120 4619 siccome
2140 4557 2311 4620 nell’Abel.

605 4701 650 4780 (3)
672 4700 788 4772 Questo
807 4699 896 4762 titolo
917 4697 969 4762 dal
991 4699 1080 4762 Pitra
1099 4701 1134 4760 fu
1155 4699 1318 4779 riportato
1339 4698 1426 4760 nella
1446 4704 1532 4762 nota.

605 4845 645 4926 (dt
668 4846 703 4907 P.
727 4845 871 4906 Aethites
884 4876 925 4889 -
939 4845 978 4908 A.
1001 4845 1159 4916 Aethitee,

605 4989 649 5070 (5)
671 4991 709 5051 A.
733 4990 905 5052 maximum
925 4995 1058 5053 naturae
1079 4991 1307 5053 tutamentum?

602 5133 652 5216 (6)
673 5133 709 5197 Ρ.
737 5159 748 5192 ι
773 5153 933 5215 quemque
954 5136 1062 5216 aquila
1084 5141 1307 5218 apportans...
1331 5153 1452 5208 causa,
1475 5137 1655 5216 (traducit).
1677 5171 1717 5184 -
1737 5137 1776 5199 A.
1803 5160 1815 5192 ι
1839 5105 2038 5216 quemque...
2061 5155 2194 5198 oausa..:
2223 5159 2235 5190 r
2261 5137 2319 5199 Nol
2341 5139 2429 5206 cod.

564 5279 640 5343 Car.
662 5299 724 5342 non
744 5280 771 5342 si
792 5281 870 5342 vade
892 5281 987 5343 alcun
1007 5237 1105 5360 aeguo
1126 5279 1159 5341 di
1180 5283 1306 5346 lacuna.
1328 5281 1386 5343 che
1405 5233 1430 5341 'il
1451 5280 1540 5342 Pitra
1560 5280 1715 5362 riempiva
1736 5300 1794 5342 con
1816 5281 1846 5342 la
1867 5281 1975 5360 parole
1997 5283 2156 5346 troducit.
2192 5239 2195 5244 Ι

604 5423 648 5506 (7)
670 5424 706 5485 Ρ.
729 5443 746 5487 e
768 5426 806 5486 A.
833 5450 845 5482 ι
870 5425 1068 5488 conservabit
1091 5447 1119 5496 »ς
1143 5426 1170 5488 si
1192 5431 1321 5487 avverta
1345 5426 1403 5487 ohe
1424 5425 1447 5486 il
1468 5431 1578 5487 nostro
1599 5425 1714 5487 Codice
1735 5444 1793 5487 usa
1813 5443 1937 5507 sempre
1959 5425 1990 5486 la
2012 5447 2029 5487 u
2050 5427 2158 5491 invoco
2180 5427 2232 5489 del
2254 5429 2284 5491 b.

605 5566 653 5651 (8)
675 5568 711 5630 Ρ.
734 5591 752 5632 e
774 5571 812 5632 A.
841 5595 854 5628 ι
877 5571 938 5632 erit
958 5569 1101 5632 introitu.
1127 5594 1140 5627 ι

607 5711 646 5794 (9)
668 5713 727 5775 Nel
749 5713 836 5776 Pitra
856 5714 938 5796 dopo
958 5747 998 5758 -
1017 5715 1143 5796 polluce
1164 5716 1251 5776 —si
1272 5716 1364 5795 lagga
1385 5715 1419 5776 in
1440 5715 1602 5797 parentesi
1620 5747 1662 5760 -
1683 5669 1840 5794 (inventus
1861 5714 1945 5796 est);
1974 5715 2130 5778 nell’Abel
2154 5740 2223 5790 ι...,
2246 5717 2285 5779 ed
2304 5717 2338 5780 in
2359 5737 2443 5784 no-

566 5864 597 5919 ta
623 5882 634 5913 ι
658 5860 806 5922 lacunam
827 5859 920 5940 cujus
940 5858 1063 5921 nullum
1085 5860 1118 5922 in
1138 5859 1174 5922 G.
1196 5859 1377 5940 uestigium,
1401 5861 1559 5942 (inventus
1580 5859 1643 5940 est)
1663 5859 1771 5922 verbis
1791 5859 1929 5940 explevit
1949 5880 1981 5942 p.
2004 5843 2133 5943 (Pitra).
2146 5842 2171 5918 ἰ
2247 5844 2248 5848 “
