5452 7108
640 484 686 556 ιο
1217 451 1223 460 ’
1266 485 1441 558 coorx
1475 484 1736 562 causasti

591 676 767 763 quondam
790 676 936 746 iohanni
959 679 1083 748 clerici
1106 679 1151 748 de
1174 680 1291 748 locum
1316 682 1461 750 nucerie
1484 701 1559 750 una
1581 683 1677 770 pecir
1741 685 1872 751 ,terra
1891 681 2030 761 bamba,
2067 701 2135 770 que
2166 685 2220 750 est
2243 683 2453 769 pertinente
2535 677 2542 688 “’

592 827 748 915 predicte
771 829 918 900 ecclesie
943 851 1012 918 que
1035 835 1090 900 est
1113 831 1152 900 in
1175 833 1292 901 locum
1318 836 1475 912 nucerio,
1494 835 1554 904 ubi
1569 836 1702 904 dicitur
1725 837 1771 906 ad
1794 855 1958 924 campum
1981 836 2127 914 maioni,
2153 839 2190 904 et
2212 839 2266 903 est
2288 838 2369 924 ipsa
2389 855 2453 924 pe-

591 978 648 1048 cie
671 981 829 1048 exomni
852 985 955 1070 parte
977 984 1048 1052 dne
1072 985 1231 1073 predicta
1254 989 1420 1068 ecclesie,
1438 990 1506 1076 tali
1522 989 1671 1058 hordine
1687 989 1772 1058 illut
1787 991 1897 1082 ipsius
1910 987 2080 1059 romoaldi
2097 990 2242 1070 tradidi,
2261 991 2308 1059 ud
2323 993 2452 1060 amodo

590 1141 627 1207 et
651 1159 761 1228 usque
788 1144 915 1212 nobem
938 1142 1028 1210 anni
1053 1143 1220 1232 completi
1244 1144 1330 1212 illut
1353 1163 1411 1212 eos
1434 1147 1558 1213 tenere
1581 1149 1618 1214 et
1639 1145 1823 1214 dominare
1861 1150 1897 1214 et
1919 1147 2002 1214 illut
2023 1165 2081 1214 eos
2104 1146 2268 1214 lavorare
2306 1146 2343 1212 et
2378 1164 2443 1232 per

592 1312 695 1362 omne
718 1313 853 1363 annum
876 1295 963 1362 illut
984 1296 1163 1365 seminare
1186 1296 1281 1366 sicut
1304 1299 1506 1378 meruerit,
1535 1301 1573 1367 et
1594 1319 1659 1387 per
1682 1319 1786 1401 omne
1809 1319 1946 1370 annum
1968 1300 2103 1369 faciant
2132 1319 2197 1388 per
2219 1303 2378 1387 tempore
2400 1297 2448 1388 de

594 1466 677 1516 aree
701 1448 836 1516 iaciant
859 1468 916 1518 me
940 1449 997 1516 vel
1020 1469 1104 1537 pars
1127 1450 1286 1538 predicte
1314 1451 1464 1520 ecclesie
1486 1453 1591 1531 scire,
1617 1454 1664 1520 ud
1686 1453 1817 1522 ividem
1839 1454 2036 1541 dirigamus
2060 1457 2124 1522 aut
2146 1472 2337 1541 pergamus
2362 1452 2455 1519 mis-

590 1617 669 1668 sum
696 1604 857 1668 nostrum
872 1604 909 1668 et
923 1602 1039 1688 ipsum
1063 1605 1268 1671 romoaldus
1292 1608 1328 1671 et
1343 1623 1424 1672 suos
1447 1606 1570 1674 eredes
1594 1607 1663 1693 ipsi
1686 1609 1801 1676 lavori
1818 1607 2033 1694 recolligant
2047 1611 2084 1674 et
2106 1609 2322 1676 tritulentet
2337 1606 2454 1673 deant

594 1751 697 1818 illum
721 1751 849 1820 ividem
872 1754 918 1820 ad
940 1754 1057 1840 ipsum
1080 1756 1226 1824 missum
1250 1760 1413 1826 nostrum
1437 1761 1648 1828 terraticum
1671 1761 1715 1828 de
1737 1762 1816 1848 ipsa
1831 1765 1948 1840 rebus,
1966 1763 2138 1849 quomodo
2161 1765 2216 1829 est
2230 1760 2453 1830 consuetudo

593 1906 636 1972 de
659 1905 733 1974 alia
756 1909 861 1974 rebus
883 1908 926 1974 de
950 1908 1108 1995 predicte
1132 1909 1286 1978 ecclesia
1310 1912 1354 1978 de
1379 1912 1495 1999 ipsum
1518 1915 1635 1982 locum
1659 1906 1829 1992 nuceria,
1855 1920 1891 1982 et
1913 1917 2059 1984 missum
2082 1917 2126 1984 de
2150 1916 2312 2004 predicta
2336 1915 2456 1983 eccle-

592 2059 647 2127 sia
671 2060 762 2128 illut
785 2063 952 2129 nutriant
972 2063 1168 2132 secundum
1191 2083 1293 2133 suam
1321 2066 1593 2153 possivilitatam
1616 2069 1721 2138 etad
1744 2088 1873 2156 equum
1907 2071 1950 2138 de
1972 2071 2088 2158 ipsum
2126 2071 2271 2138 missum
2299 2070 2343 2138 de
2365 2069 2448 2154 ipsa

597 2219 751 2286 ecclesia
774 2219 856 2286 illut
878 2219 1043 2286 nutriant
1066 2221 1112 2288 ad
1136 2223 1244 2308 palea
1267 2224 1304 2287 et
1328 2223 1376 2290 ad
1400 2222 1559 2298 ordeum;
1585 2223 1630 2288 ad
1654 2222 1729 2309 ipso
1751 2222 1984 2290 constitutum
2006 2225 2226 2310 completum
2263 2221 2452 2290 remittant

597 2371 714 2457 ipsum
738 2373 939 2441 romoaldus
962 2376 1020 2440 vel
1042 2393 1124 2442 suos
1147 2376 1270 2442 eredes
1294 2374 1375 2462 ipsa
1398 2377 1501 2463 pecie
1523 2376 1567 2443 de
1591 2379 1690 2442 terra
1705 2375 1750 2442 ad
1766 2375 1844 2462 ipsa
1858 2374 2022 2452 ecclesia,
2039 2375 2132 2442 sicut
2147 2377 2333 2454 meruerit,
2352 2374 2456 2444 Unde

598 2544 663 2610 per
685 2527 934 2595 conbenientia
957 2528 1127 2613 guadiam
1153 2528 1263 2596 michi
1288 2529 1406 2616 ipsum
1431 2529 1633 2598 romoaldus
1656 2525 1736 2596 dedi
1766 2532 1803 2596 et
1825 2529 2056 2598 mediatorem
2079 2529 2188 2596 michi
2221 2527 2338 2616 posuit
2359 2529 2454 2614 seip-

489 2667 491 2671 ’
573 2666 704 2756 ¹sum3
740 2683 777 2746 et
799 2699 863 2768 per
886 2680 965 2768 ipsa
987 2649 1322 2768 guadia'obligavit
1346 2703 1384 2750 se
1407 2687 1444 2751 et
1466 2701 1547 2751 suos
1569 2683 1703 2751 eredes.
1740 2684 1838 2762 Quod
1860 2683 1891 2750 si
1915 2683 2038 2752 taliter
2060 2683 2177 2752 omnia
2204 2681 2454 2768 suprascripta

596 2852 660 2920 per
680 2833 885 2920 supradicto
907 2835 1057 2902 hordine
1080 2835 1195 2923 ipsum
1219 2837 1424 2905 romoaldus
1446 2841 1483 2904 et
1505 2857 1586 2907 suos
1609 2838 1757 2905 heredes
1781 2837 1889 2905 michi
1918 2838 2023 2905 etad
2046 2857 2130 2924 pars
2156 2836 2316 2925 predicte
2339 2837 2457 2902 eccle·

602 2990 654 3058 sie
678 3007 750 3056 non
772 2989 1022 3076 adimpleverit
1044 2992 1081 3056 et
1103 2989 1234 3076 aliquit
1256 2989 1339 3056 inde
1364 2989 1625 3060 contradixerit
1647 3011 1713 3080 per
1734 2992 1996 3060 combenientia
2018 3011 2082 3079 per
2105 2993 2183 3080 ipsa
2205 2991 2342 3078 guadia
2364 3011 2463 3059 com-

600 3162 732 3230 ponere
756 3142 931 3228 obligavit
953 3161 991 3210 se
1013 3142 1129 3230 ipsum
1147 3143 1357 3222 romoaldus
1380 3144 1516 3213 eteius
1539 3146 1662 3213 eredes
1685 3143 1795 3214 michi
1817 3150 1854 3213 et
1875 3147 1921 3214 ad
1945 3165 2029 3232 pars
2052 3146 2210 3233 predicte
2233 3145 2384 3213 ecclesie
2408 3145 2462 3212 vi-

600 3297 695 3383 ginti
718 3298 799 3366 auri
822 3298 952 3366 solidos
976 3296 1297 3366 constantinianus.
1323 3300 1420 3376 Quod
1444 3299 1570 3387 scripsi
1594 3318 1660 3386 ego
1683 3303 1807 3387 petrus
1829 3299 2005 3368 notarius.

586 3513 591 3524 .
644 3450 673 3542 †
697 3453 768 3540 Ego
793 3451 961 3520 alderissi
985 3451 1149 3519 notarius
1173 3470 1229 3517 me
1251 3452 1447 3536 subscripsi

645 3605 673 3696 †
697 3609 771 3692 Ego
796 3606 961 3675 alderissi
986 3607 1147 3674 notarius
1171 3623 1227 3672 me
1250 3606 1458 3674 subscribsi.

1365 3995 1685 4077 Mnxxxn
1771 3957 1774 3964 ’

1385 4305 1444 4378 Α.
1473 4301 1530 4378 D.
1560 4303 1684 4378 1047

646 4535 736 4627 †ln
759 4537 1060 4638 nominedomini
1084 4533 1252 4604 vicesimo
1284 4555 1377 4602 nono
1409 4555 1504 4602 anno
1535 4536 1758 4623 principatus
1788 4535 1908 4602 domni
1939 4534 2051 4602 nostri
2085 4533 2281 4620 guaimarii
2316 4531 2468 4620 gloriosi

601 4693 789 4781 principis,
814 4696 851 4761 et
873 4712 967 4760 nono
991 4712 1085 4760 anno
1109 4692 1260 4760 ducatus
1283 4692 1360 4760 eius
1383 4692 1516 4770 arnalli,
1535 4695 1572 4758 et
1594 4693 1719 4760 octabu
1742 4709 1837 4758 anno
1860 4690 2009 4756 ducatus
2031 4688 2107 4756 eius
2130 4688 2303 4773 syrrenti,
2320 4691 2358 4755 et
2372 4689 2469 4755 sesto

601 4868 697 4917 anno
720 4847 947 4936 principatus
970 4850 1007 4914 et
1030 4847 1189 4933 ipsorum
1213 4846 1410 4914 ducatuum
1433 4845 1554 4913 domni
1577 4845 1696 4930 gisulfi
1719 4843 1844 4911 eximii
1878 4842 2050 4929 principis
2084 4845 2120 4909 et
2147 4842 2248 4910 ducis
2282 4842 2351 4909 fflii
2374 4842 2467 4919 eius,

602 5021 722 5070 mense
746 5002 879 5080 iunius
908 5000 1405 5088 quintadecimatindictione.
1430 4998 1720 5066 Memoratorium
1744 4999 1878 5066 factum
1901 5016 1994 5064 ame
2017 4996 2218 5063 romoaldus
2234 4996 2331 5063 illius
2354 5016 2470 5084 quon-

602 5155 685 5223 dam
709 5154 858 5222 iohanni
881 5155 1005 5222 clerici
1028 5155 1072 5223 de
1095 5155 1212 5223 locum
1236 5154 1396 5230 nuceria,
1437 5171 1478 5221 eo
1502 5153 1596 5240 quod
1619 5155 1704 5218 ante
1726 5151 1916 5237 subscripti
1939 5152 2046 5218 testes
2069 5149 2220 5218 tradidit
2244 5150 2355 5218 michi
2380 5152 2471 5219 alfe-

541 5381 553 5406 ,
605 5310 680 5378 rius
704 5309 987 5397 archipresbiter
1010 5313 1047 5377 et
1069 5313 1179 5378 abbas
1202 5309 1353 5376 ecclesie
1376 5307 1492 5375 sancti
1515 5305 1666 5374 maximi
1692 5324 1763 5372 una
1785 5304 1887 5390 pecia
1919 5304 1963 5372 de
1986 5307 2085 5372 terra
2108 5304 2236 5373 baciba
2259 5305 2470 5391 pertinente

601 5465 762 5555 predicte
785 5466 953 5542 ecclesie,
980 5484 1048 5552 que
1071 5465 1187 5532 estin
1210 5465 1326 5530 locum
1351 5461 1518 5539 nuceria,
1544 5461 1759 5530 ubidicitur
1782 5460 1828 5528 ad
1851 5479 2015 5546 campum
2038 5458 2199 5538 maioni,
2224 5463 2262 5528 et
2284 5463 2342 5529 est
2363 5461 2467 5532 omni

602 5621 705 5705 parte
739 5619 818 5706 ipsa
840 5619 944 5706 pecia
981 5617 1025 5684 de
1048 5620 1148 5684 terra
1171 5617 1255 5686 abet
1276 5613 1359 5682 fluis
1382 5613 1426 5682 de
1450 5611 1529 5700 ipsa
1551 5615 1728 5690 ccclesia,
1754 5613 1821 5680 tali
1843 5611 1968 5680 ordine
1991 5612 2074 5680 illut
2096 5611 2207 5680 michi
2230 5612 2396 5692 tradidi,
2423 5615 2472 5682 ud

600 5773 724 5842 amodo
747 5775 786 5842 et
810 5792 922 5861 usque
946 5775 1073 5840 nobem
1097 5771 1185 5839 anni
1209 5769 1392 5858 completi,
1407 5769 1503 5838 illut
1525 5785 1585 5836 eos
1608 5772 1812 5846 teneamur,
1836 5771 1873 5834 et
1895 5765 2140 5844 dominemus,
2166 5771 2202 5835 et
2225 5767 2310 5837 illut
2331 5770 2475 5838 lavore-
