<?xml version="1.0" encoding="UTF-8"?>
<!DOCTYPE html PUBLIC "-//W3C//DTD XHTML 1.0 Transitional//EN"
    "http://www.w3.org/TR/xhtml1/DTD/xhtml1-transitional.dtd">
<html xmlns="http://www.w3.org/1999/xhtml" xml:lang="en" lang="en">
 <head>
  <title>
</title>
<meta http-equiv="Content-Type" content="text/html;charset=utf-8" />
  <meta name='ocr-system' content='tesseract 3.04.00' />
  <meta name='ocr-capabilities' content='ocr_page ocr_carea ocr_par ocr_line ocrx_word'/>
</head>
<body>
  <div class='ocr_page' id='page_1' title='image "./codexdiplomatic01aragoog_0398.png"; bbox 0 0 5372 7106; ppageno 0'>
   <div class='ocr_carea' id='block_1_1' title="bbox 618 478 1778 588">
    <p class='ocr_par' dir='ltr' id='par_1_1' title="bbox 618 478 1778 588">
     <span class='ocr_line' id='line_1_1' title="bbox 618 478 1778 588; baseline 0.001 -33"><span class='ocrx_word' id='word_1_1' title='bbox 618 483 667 558; x_wconf 87' lang='lat'><strong>16</strong></span> <span class='ocrx_word' id='word_1_2' title='bbox 1280 478 1695 559; x_wconf 81' lang='lat' dir='ltr'><strong>nautunnou</strong></span> <span class='ocrx_word' id='word_1_3' title='bbox 1776 583 1778 588; x_wconf 16' lang='grc' dir='ltr'>Ι</span> 
     </span>
    </p>
   </div>
   <div class='ocr_carea' id='block_1_2' title="bbox 562 678 2423 2299">
    <p class='ocr_par' dir='ltr' id='par_1_2' title="bbox 562 678 2423 2299">
     <span class='ocr_line' id='line_1_2' title="bbox 564 678 2423 769; baseline 0.003 -23"><span class='ocrx_word' id='word_1_4' title='bbox 564 678 683 747; x_wconf 83' lang='lat' dir='ltr'><strong>Sciens</strong></span> <span class='ocrx_word' id='word_1_5' title='bbox 709 683 825 748; x_wconf 88' lang='lat' dir='ltr'><strong>autem</strong></span> <span class='ocrx_word' id='word_1_6' title='bbox 852 684 940 749; x_wconf 90' lang='lat' dir='ltr'><strong>bene</strong></span> <span class='ocrx_word' id='word_1_7' title='bbox 964 681 1106 769; x_wconf 90' lang='lat' dir='ltr'><strong>quidem</strong></span> <span class='ocrx_word' id='word_1_8' title='bbox 1131 684 1278 768; x_wconf 78' lang='lat' dir='ltr'>agentes</span> <span class='ocrx_word' id='word_1_9' title='bbox 1302 684 1340 748; x_wconf 90' lang='lat' dir='ltr'><strong>in</strong></span> <span class='ocrx_word' id='word_1_10' title='bbox 1363 680 1479 750; x_wconf 90' lang='lat' dir='ltr'><strong>locum</strong></span> <span class='ocrx_word' id='word_1_11' title='bbox 1504 681 1689 769; x_wconf 90' lang='lat' dir='ltr'><strong>impiorum</strong></span> <span class='ocrx_word' id='word_1_12' title='bbox 1713 699 1783 749; x_wconf 92' lang='lat' dir='ltr'><strong>non</strong></span> <span class='ocrx_word' id='word_1_13' title='bbox 1805 680 1999 768; x_wconf 84' lang='lat' dir='ltr'><strong>pervenire</strong></span> <span class='ocrx_word' id='word_1_14' title='bbox 2023 683 2086 765; x_wconf 89' lang='lat' dir='ltr'><strong>(l).</strong></span> <span class='ocrx_word' id='word_1_15' title='bbox 2124 679 2188 748; x_wconf 90' lang='lat' dir='ltr'><strong>Hic</strong></span> <span class='ocrx_word' id='word_1_16' title='bbox 2215 698 2302 767; x_wconf 84' lang='lat' dir='ltr'><strong>ergo</strong></span> <span class='ocrx_word' id='word_1_17' title='bbox 2325 682 2423 769; x_wconf 83' lang='lat' dir='ltr'><strong>lapis</strong></span> 
     </span>
     <span class='ocr_line' id='line_1_3' title="bbox 563 833 2420 921; baseline 0 -19"><span class='ocrx_word' id='word_1_18' title='bbox 563 833 670 902; x_wconf 90' lang='lat' dir='ltr'><strong>tritus</strong></span> <span class='ocrx_word' id='word_1_19' title='bbox 693 852 800 921; x_wconf 90' lang='lat' dir='ltr'><strong>super</strong></span> <span class='ocrx_word' id='word_1_20' title='bbox 824 833 1022 902; x_wconf 78' lang='lat' dir='ltr'>cuticulam</span> <span class='ocrx_word' id='word_1_21' title='bbox 1047 835 1096 918; x_wconf 80' lang='grc'>(2)</span> <span class='ocrx_word' id='word_1_22' title='bbox 1121 833 1371 903; x_wconf 83' lang='lat' dir='ltr'><strong>medicinalem</strong></span> <span class='ocrx_word' id='word_1_23' title='bbox 1394 854 1476 903; x_wconf 92' lang='lat' dir='ltr'><strong>cum</strong></span> <span class='ocrx_word' id='word_1_24' title='bbox 1499 837 1591 904; x_wconf 91' lang='lat' dir='ltr'><strong>lacte</strong></span> <span class='ocrx_word' id='word_1_25' title='bbox 1614 834 1861 921; x_wconf 88' lang='lat' dir='ltr'><strong>mulierisque</strong></span> <span class='ocrx_word' id='word_1_26' title='bbox 1878 835 1987 903; x_wconf 87' lang='lat' dir='ltr'><strong>semel</strong></span> <span class='ocrx_word' id='word_1_27' title='bbox 2011 836 2148 902; x_wconf 83' lang='lat' dir='ltr'><strong>creavit</strong></span> <span class='ocrx_word' id='word_1_28' title='bbox 2162 833 2317 920; x_wconf 91' lang='lat' dir='ltr'><strong>primum</strong></span> <span class='ocrx_word' id='word_1_29' title='bbox 2335 853 2420 921; x_wconf 91' lang='lat' dir='ltr'><strong>par-</strong></span> 
     </span>
     <span class='ocr_line' id='line_1_4' title="bbox 563 937 2412 1072; baseline 0.003 -19"><span class='ocrx_word' id='word_1_30' title='bbox 563 937 640 1054; x_wconf 86' lang='lat' dir='ltr'><strong>tum</strong></span> <span class='ocrx_word' id='word_1_31' title='bbox 664 1005 773 1072; x_wconf 89' lang='lat' dir='ltr'><strong>puero</strong></span> <span class='ocrx_word' id='word_1_32' title='bbox 791 988 857 1070; x_wconf 90' lang='lat'><strong>(3).</strong></span> <span class='ocrx_word' id='word_1_33' title='bbox 876 987 913 1054; x_wconf 88' lang='lat' dir='ltr'><strong>et</strong></span> <span class='ocrx_word' id='word_1_34' title='bbox 928 963 1096 1054; x_wconf 86' lang='lat' dir='ltr'><strong>inunctus</strong></span> <span class='ocrx_word' id='word_1_35' title='bbox 1120 987 1347 1072; x_wconf 89' lang='lat' dir='ltr'><strong>albugionem</strong></span> <span class='ocrx_word' id='word_1_36' title='bbox 1371 990 1554 1056; x_wconf 91' lang='lat' dir='ltr'><strong>oculorum</strong></span> <span class='ocrx_word' id='word_1_37' title='bbox 1571 991 1687 1056; x_wconf 88' lang='lat' dir='ltr'><strong>curat.</strong></span> <span class='ocrx_word' id='word_1_38' title='bbox 1705 992 1742 1057; x_wconf 93' lang='lat' dir='ltr'><strong>et</strong></span> <span class='ocrx_word' id='word_1_39' title='bbox 1758 1007 1899 1057; x_wconf 86' lang='lat' dir='ltr'><strong>omnem</strong></span> <span class='ocrx_word' id='word_1_40' title='bbox 1923 991 2105 1056; x_wconf 90' lang='lat' dir='ltr'><strong>oculorum</strong></span> <span class='ocrx_word' id='word_1_41' title='bbox 2128 988 2285 1056; x_wconf 91' lang='lat' dir='ltr'><strong>dolorem</strong></span> <span class='ocrx_word' id='word_1_42' title='bbox 2302 989 2412 1058; x_wconf 89' lang='lat' dir='ltr'><strong>tollit.</strong></span> 
     </span>
     <span class='ocr_line' id='line_1_5' title="bbox 563 1139 2423 1230; baseline 0.001 -22"><span class='ocrx_word' id='word_1_43' title='bbox 563 1142 667 1208; x_wconf 84' lang='lat' dir='ltr'><strong>ctiam</strong></span> <span class='ocrx_word' id='word_1_44' title='bbox 692 1140 723 1208; x_wconf 89' lang='lat' dir='ltr'><strong>si</strong></span> <span class='ocrx_word' id='word_1_45' title='bbox 749 1140 874 1208; x_wconf 86' lang='lat' dir='ltr'><strong>videre</strong></span> <span class='ocrx_word' id='word_1_46' title='bbox 895 1139 1096 1225; x_wconf 78' lang='lat' dir='ltr'><strong>disperatus</strong></span> <span class='ocrx_word' id='word_1_47' title='bbox 1119 1140 1230 1206; x_wconf 83' lang='lat' dir='ltr'><strong>fuerit</strong></span> <span class='ocrx_word' id='word_1_48' title='bbox 1252 1143 1368 1208; x_wconf 89' lang='lat' dir='ltr'><strong>sanat.</strong></span> <span class='ocrx_word' id='word_1_49' title='bbox 1405 1143 1574 1210; x_wconf 87' lang='lat' dir='ltr'><strong>Preterea</strong></span> <span class='ocrx_word' id='word_1_50' title='bbox 1607 1141 1818 1230; x_wconf 78' lang='lat' dir='ltr'><strong>podagricos</strong></span> <span class='ocrx_word' id='word_1_51' title='bbox 1842 1144 1892 1228; x_wconf 88' lang='grc'><strong>(4)</strong></span> <span class='ocrx_word' id='word_1_52' title='bbox 1932 1142 2052 1210; x_wconf 88' lang='lat' dir='ltr'><strong>eodem</strong></span> <span class='ocrx_word' id='word_1_53' title='bbox 2098 1141 2199 1210; x_wconf 91' lang='lat' dir='ltr'><strong>modo</strong></span> <span class='ocrx_word' id='word_1_54' title='bbox 2222 1161 2304 1209; x_wconf 92' lang='lat' dir='ltr'><strong>cum</strong></span> <span class='ocrx_word' id='word_1_55' title='bbox 2330 1143 2423 1209; x_wconf 88' lang='lat' dir='ltr'><strong>lacte</strong></span> 
     </span>
     <span class='ocr_line' id='line_1_6' title="bbox 562 1292 2423 1380; baseline 0.002 -20"><span class='ocrx_word' id='word_1_56' title='bbox 562 1292 638 1360; x_wconf 85' lang='lat' dir='ltr'><strong>onis</strong></span> <span class='ocrx_word' id='word_1_57' title='bbox 660 1293 779 1360; x_wconf 88' lang='lat' dir='ltr'><strong>tritus.</strong></span> <span class='ocrx_word' id='word_1_58' title='bbox 806 1296 867 1380; x_wconf 90' lang='lat' dir='ltr'><strong>qui</strong></span> <span class='ocrx_word' id='word_1_59' title='bbox 892 1295 1000 1360; x_wconf 87' lang='lat' dir='ltr'><strong>semel</strong></span> <span class='ocrx_word' id='word_1_60' title='bbox 1024 1295 1151 1380; x_wconf 90' lang='lat' dir='ltr'><strong>genuit</strong></span> <span class='ocrx_word' id='word_1_61' title='bbox 1173 1293 1411 1361; x_wconf 89' lang='lat' dir='ltr'><strong>masculinum</strong></span> <span class='ocrx_word' id='word_1_62' title='bbox 1435 1297 1567 1362; x_wconf 81' lang='lat' dir='ltr'><strong>loetum</strong></span> <span class='ocrx_word' id='word_1_63' title='bbox 1592 1295 1723 1380; x_wconf 89' lang='lat' dir='ltr'><strong>unguis</strong></span> <span class='ocrx_word' id='word_1_64' title='bbox 1739 1297 1977 1362; x_wconf 87' lang='lat' dir='ltr'><strong>etsanantur.</strong></span> <span class='ocrx_word' id='word_1_65' title='bbox 2004 1295 2041 1361; x_wconf 91' lang='lat' dir='ltr'><strong>et</strong></span> <span class='ocrx_word' id='word_1_66' title='bbox 2065 1311 2167 1362; x_wconf 88' lang='lat' dir='ltr'><strong>renes</strong></span> <span class='ocrx_word' id='word_1_67' title='bbox 2190 1297 2227 1361; x_wconf 88' lang='lat' dir='ltr'><strong>et</strong></span> <span class='ocrx_word' id='word_1_68' title='bbox 2250 1295 2423 1362; x_wconf 89' lang='lat' dir='ltr'><strong>anelatns</strong></span> 
     </span>
     <span class='ocr_line' id='line_1_7' title="bbox 564 1442 2420 1532; baseline 0.002 -21"><span class='ocrx_word' id='word_1_69' title='bbox 564 1447 601 1512; x_wconf 91' lang='lat' dir='ltr'><strong>et</strong></span> <span class='ocrx_word' id='word_1_70' title='bbox 624 1445 797 1513; x_wconf 87' lang='lat' dir='ltr'><strong>interiora</strong></span> <span class='ocrx_word' id='word_1_71' title='bbox 819 1445 979 1532; x_wconf 90' lang='lat' dir='ltr'><strong>corporis</strong></span> <span class='ocrx_word' id='word_1_72' title='bbox 1002 1448 1122 1532; x_wconf 87' lang='lat' dir='ltr'><strong>partes</strong></span> <span class='ocrx_word' id='word_1_73' title='bbox 1146 1446 1197 1513; x_wconf 89' lang='lat' dir='ltr'><strong>sic</strong></span> <span class='ocrx_word' id='word_1_74' title='bbox 1221 1449 1337 1514; x_wconf 91' lang='lat' dir='ltr'><strong>curat.</strong></span> <span class='ocrx_word' id='word_1_75' title='bbox 1365 1453 1437 1514; x_wconf 89' lang='lat' dir='ltr'><strong>Hoc</strong></span> <span class='ocrx_word' id='word_1_76' title='bbox 1461 1445 1757 1515; x_wconf 84' lang='lat' dir='ltr'><strong>medicamentum</strong></span> <span class='ocrx_word' id='word_1_77' title='bbox 1780 1447 1978 1515; x_wconf 85' lang='lat' dir='ltr'><strong>maximum</strong></span> <span class='ocrx_word' id='word_1_78' title='bbox 2001 1448 2068 1514; x_wconf 89' lang='lat' dir='ltr'><strong>est.</strong></span> <span class='ocrx_word' id='word_1_79' title='bbox 2093 1448 2130 1513; x_wconf 93' lang='lat' dir='ltr'><strong>et</strong></span> <span class='ocrx_word' id='word_1_80' title='bbox 2151 1467 2171 1512; x_wconf 89' lang='lat' dir='ltr'><strong>a</strong></span> <span class='ocrx_word' id='word_1_81' title='bbox 2194 1442 2314 1514; x_wconf 89' lang='lat' dir='ltr'><strong>multis</strong></span> <span class='ocrx_word' id='word_1_82' title='bbox 2336 1465 2420 1532; x_wconf 90' lang='lat' dir='ltr'><strong>pro·</strong></span> 
     </span>
     <span class='ocr_line' id='line_1_8' title="bbox 566 1598 2415 1685; baseline -0.001 -18"><span class='ocrx_word' id='word_1_83' title='bbox 566 1600 699 1667; x_wconf 89' lang='lat' dir='ltr'><strong>batum.</strong></span> <span class='ocrx_word' id='word_1_84' title='bbox 724 1599 960 1680; x_wconf 87' lang='lat' dir='ltr'><strong>Preparatum</strong></span> <span class='ocrx_word' id='word_1_85' title='bbox 984 1616 1069 1666; x_wconf 89' lang='lat' dir='ltr'><strong>vero</strong></span> <span class='ocrx_word' id='word_1_86' title='bbox 1093 1600 1159 1665; x_wconf 93' lang='lat' dir='ltr'><strong>boc</strong></span> <span class='ocrx_word' id='word_1_87' title='bbox 1195 1598 1493 1665; x_wconf 85' lang='lat' dir='ltr'><strong>medicamentum</strong></span> <span class='ocrx_word' id='word_1_88' title='bbox 1528 1599 1676 1666; x_wconf 87' lang='lat' dir='ltr'><strong>habebis</strong></span> <span class='ocrx_word' id='word_1_89' title='bbox 1700 1599 1739 1667; x_wconf 89' lang='lat' dir='ltr'><strong>in</strong></span> <span class='ocrx_word' id='word_1_90' title='bbox 1762 1601 1877 1666; x_wconf 88' lang='lat' dir='ltr'><strong>vitreo</strong></span> <span class='ocrx_word' id='word_1_91' title='bbox 1902 1602 1985 1666; x_wconf 88' lang='lat' dir='ltr'><strong>baso</strong></span> <span class='ocrx_word' id='word_1_92' title='bbox 2010 1599 2066 1664; x_wconf 87' lang='lat' dir='ltr'><strong>vel</strong></span> <span class='ocrx_word' id='word_1_93' title='bbox 2100 1601 2282 1685; x_wconf 91' lang='lat' dir='ltr'><strong>argenteo.</strong></span> <span class='ocrx_word' id='word_1_94' title='bbox 2306 1601 2342 1666; x_wconf 90' lang='lat' dir='ltr'><strong>et</strong></span> <span class='ocrx_word' id='word_1_95' title='bbox 2361 1599 2415 1684; x_wconf 86' lang='lat' dir='ltr'><strong>je-</strong></span> 
     </span>
     <span class='ocr_line' id='line_1_9' title="bbox 563 1733 2412 1840; baseline 0 -20"><span class='ocrx_word' id='word_1_96' title='bbox 563 1751 674 1838; x_wconf 82' lang='lat' dir='ltr'><strong>jnnus</strong></span> <span class='ocrx_word' id='word_1_97' title='bbox 698 1752 869 1837; x_wconf 85' lang='lat' dir='ltr'><strong>perficiet.</strong></span> <span class='ocrx_word' id='word_1_98' title='bbox 896 1753 950 1819; x_wconf 85' lang='lat' dir='ltr'><strong>Ad</strong></span> <span class='ocrx_word' id='word_1_99' title='bbox 974 1733 1171 1819; x_wconf 79' lang='lat' dir='ltr'><strong>vindictam</strong></span> <span class='ocrx_word' id='word_1_100' title='bbox 1195 1769 1278 1818; x_wconf 84' lang='lat' dir='ltr'><strong>vero</strong></span> <span class='ocrx_word' id='word_1_101' title='bbox 1302 1751 1459 1837; x_wconf 87' lang='lat' dir='ltr'><strong>lapidem</strong></span> <span class='ocrx_word' id='word_1_102' title='bbox 1482 1750 1651 1818; x_wconf 89' lang='lat' dir='ltr'><strong>similiter</strong></span> <span class='ocrx_word' id='word_1_103' title='bbox 1673 1769 1784 1839; x_wconf 87' lang='lat' dir='ltr'><strong>supra</strong></span> <span class='ocrx_word' id='word_1_104' title='bbox 1807 1751 2001 1819; x_wconf 86' lang='lat' dir='ltr'><strong>cuticulam</strong></span> <span class='ocrx_word' id='word_1_105' title='bbox 2017 1753 2114 1818; x_wconf 90' lang='lat' dir='ltr'><strong>teris.</strong></span> <span class='ocrx_word' id='word_1_106' title='bbox 2132 1753 2169 1818; x_wconf 92' lang='lat' dir='ltr'><strong>et</strong></span> <span class='ocrx_word' id='word_1_107' title='bbox 2184 1770 2265 1818; x_wconf 87' lang='lat' dir='ltr'><strong>cum</strong></span> <span class='ocrx_word' id='word_1_108' title='bbox 2280 1770 2412 1840; x_wconf 87' lang='lat' dir='ltr'><strong>aquam</strong></span> 
     </span>
     <span class='ocr_line' id='line_1_10' title="bbox 567 1903 2417 1992; baseline 0.002 -22"><span class='ocrx_word' id='word_1_109' title='bbox 567 1903 664 1970; x_wconf 92' lang='lat' dir='ltr'><strong>dilue</strong></span> <span class='ocrx_word' id='word_1_110' title='bbox 688 1903 855 1990; x_wconf 89' lang='lat' dir='ltr'><strong>lapidem.</strong></span> <span class='ocrx_word' id='word_1_111' title='bbox 881 1905 917 1969; x_wconf 91' lang='lat' dir='ltr'><strong>et</strong></span> <span class='ocrx_word' id='word_1_112' title='bbox 940 1903 1135 1971; x_wconf 90' lang='lat' dir='ltr'><strong>cuticulam</strong></span> <span class='ocrx_word' id='word_1_113' title='bbox 1159 1907 1196 1970; x_wconf 89' lang='lat' dir='ltr'><strong>et</strong></span> <span class='ocrx_word' id='word_1_114' title='bbox 1218 1903 1320 1972; x_wconf 89' lang='lat' dir='ltr'><strong>dabis</strong></span> <span class='ocrx_word' id='word_1_115' title='bbox 1337 1904 1454 1971; x_wconf 73' lang='lat' dir='ltr'><strong>‘cnivis</strong></span> <span class='ocrx_word' id='word_1_116' title='bbox 1477 1907 1513 1972; x_wconf 93' lang='lat' dir='ltr'><strong>et</strong></span> <span class='ocrx_word' id='word_1_117' title='bbox 1536 1905 1633 1971; x_wconf 91' lang='lat' dir='ltr'><strong>lavet</strong></span> <span class='ocrx_word' id='word_1_118' title='bbox 1656 1905 1784 1974; x_wconf 86' lang='lat' dir='ltr'><strong>faciem</strong></span> <span class='ocrx_word' id='word_1_119' title='bbox 1808 1907 1844 1972; x_wconf 93' lang='lat' dir='ltr'><strong>et</strong></span> <span class='ocrx_word' id='word_1_120' title='bbox 1867 1905 2111 1974; x_wconf 85' lang='lat' dir='ltr'><strong>excecabitur.</strong></span> <span class='ocrx_word' id='word_1_121' title='bbox 2131 1905 2166 1972; x_wconf 92' lang='lat' dir='ltr'><strong>Si</strong></span> <span class='ocrx_word' id='word_1_122' title='bbox 2190 1905 2270 1992; x_wconf 89' lang='lat' dir='ltr'><strong>quis</strong></span> <span class='ocrx_word' id='word_1_123' title='bbox 2293 1909 2417 1974; x_wconf 90' lang='lat' dir='ltr'><strong>antem</strong></span> 
     </span>
     <span class='ocr_line' id='line_1_11' title="bbox 567 2055 2419 2146; baseline 0.001 -22"><span class='ocrx_word' id='word_1_124' title='bbox 567 2055 698 2124; x_wconf 90' lang='lat' dir='ltr'><strong>biberit</strong></span> <span class='ocrx_word' id='word_1_125' title='bbox 713 2071 759 2122; x_wconf 82' lang='lat' dir='ltr'><strong>ex</strong></span> <span class='ocrx_word' id='word_1_126' title='bbox 776 2074 817 2123; x_wconf 91' lang='lat' dir='ltr'><strong>en</strong></span> <span class='ocrx_word' id='word_1_127' title='bbox 833 2057 1018 2142; x_wconf 91' lang='lat' dir='ltr'><strong>pulmones</strong></span> <span class='ocrx_word' id='word_1_128' title='bbox 1042 2060 1191 2124; x_wconf 86' lang='lat' dir='ltr'><strong>evomet.</strong></span> <span class='ocrx_word' id='word_1_129' title='bbox 1217 2057 1364 2142; x_wconf 86' lang='lat' dir='ltr'><strong>Oportet</strong></span> <span class='ocrx_word' id='word_1_130' title='bbox 1387 2061 1505 2124; x_wconf 90' lang='lat' dir='ltr'><strong>autem</strong></span> <span class='ocrx_word' id='word_1_131' title='bbox 1523 2059 1657 2127; x_wconf 87' lang='lat' dir='ltr'><strong>bibenti</strong></span> <span class='ocrx_word' id='word_1_132' title='bbox 1672 2060 1860 2144; x_wconf 91' lang='lat' dir='ltr'><strong>paululum</strong></span> <span class='ocrx_word' id='word_1_133' title='bbox 1882 2059 1969 2126; x_wconf 88' lang='lat' dir='ltr'><strong>dare</strong></span> <span class='ocrx_word' id='word_1_134' title='bbox 1985 2057 2078 2146; x_wconf 92' lang='lat' dir='ltr'><strong>quod</strong></span> <span class='ocrx_word' id='word_1_135' title='bbox 2102 2076 2172 2126; x_wconf 89' lang='lat' dir='ltr'><strong>non</strong></span> <span class='ocrx_word' id='word_1_136' title='bbox 2187 2057 2337 2126; x_wconf 83' lang='lat' dir='ltr'><strong>satietur</strong></span> <span class='ocrx_word' id='word_1_137' title='bbox 2353 2059 2419 2143; x_wconf 89' lang='grc'>(5).</span> 
     </span>
     <span class='ocr_line' id='line_1_12' title="bbox 567 2209 2423 2299; baseline 0.002 -22"><span class='ocrx_word' id='word_1_138' title='bbox 567 2209 748 2296; x_wconf 87' lang='lat' dir='ltr'><strong>Hiclapis</strong></span> <span class='ocrx_word' id='word_1_139' title='bbox 771 2213 938 2288; x_wconf 84' lang='lat' dir='ltr'><strong>inventus</strong></span> <span class='ocrx_word' id='word_1_140' title='bbox 961 2209 1077 2276; x_wconf 88' lang='lat' dir='ltr'><strong>estin</strong></span> <span class='ocrx_word' id='word_1_141' title='bbox 1101 2209 1230 2278; x_wconf 89' lang='lat' dir='ltr'><strong>media.</strong></span> <span class='ocrx_word' id='word_1_142' title='bbox 1258 2210 1352 2277; x_wconf 93' lang='lat' dir='ltr'><strong>unde</strong></span> <span class='ocrx_word' id='word_1_143' title='bbox 1377 2213 1586 2280; x_wconf 90' lang='lat' dir='ltr'><strong>vocabulum</strong></span> <span class='ocrx_word' id='word_1_144' title='bbox 1610 2215 1730 2281; x_wconf 89' lang='lat' dir='ltr'><strong>babet.</strong></span> <span class='ocrx_word' id='word_1_145' title='bbox 1756 2213 1917 2281; x_wconf 85' lang='lat' dir='ltr'><strong>nascitur</strong></span> <span class='ocrx_word' id='word_1_146' title='bbox 1949 2231 2032 2280; x_wconf 82' lang='lat' dir='ltr'><strong>uero</strong></span> <span class='ocrx_word' id='word_1_147' title='bbox 2063 2214 2101 2280; x_wconf 95' lang='lat' dir='ltr'><strong>in</strong></span> <span class='ocrx_word' id='word_1_148' title='bbox 2125 2212 2210 2280; x_wconf 91' lang='lat' dir='ltr'><strong>locis</strong></span> <span class='ocrx_word' id='word_1_149' title='bbox 2234 2213 2328 2299; x_wconf 92' lang='lat' dir='ltr'><strong>apud</strong></span> <span class='ocrx_word' id='word_1_150' title='bbox 2354 2213 2423 2280; x_wconf 87' lang='lat' dir='ltr'><strong>flu-</strong></span> 
     </span>
    </p>
   </div>
   <div class='ocr_carea' id='block_1_3' title="bbox 566 2365 2422 3376">
    <p class='ocr_par' dir='ltr' id='par_1_3' title="bbox 567 2365 778 2434">
     <span class='ocr_line' id='line_1_13' title="bbox 567 2365 778 2434; baseline -0.009 -1"><span class='ocrx_word' id='word_1_151' title='bbox 567 2383 648 2433; x_wconf 87' lang='lat' dir='ltr'><strong>men</strong></span> <span class='ocrx_word' id='word_1_152' title='bbox 671 2365 778 2434; x_wconf 79' lang='lat' dir='ltr'><strong>tasin.</strong></span> 
     </span>
    </p>

    <p class='ocr_par' dir='ltr' id='par_1_4' title="bbox 566 2519 2422 3376">
     <span class='ocr_line' id='line_1_14' title="bbox 613 2519 2416 2609; baseline 0.001 -22"><span class='ocrx_word' id='word_1_153' title='bbox 613 2519 719 2606; x_wconf 89' lang='lat' dir='ltr'><strong>Lapis</strong></span> <span class='ocrx_word' id='word_1_154' title='bbox 741 2519 888 2604; x_wconf 87' lang='lat' dir='ltr'><strong>syrcios.</strong></span> <span class='ocrx_word' id='word_1_155' title='bbox 914 2519 1058 2606; x_wconf 89' lang='lat' dir='ltr'><strong>Syrcius</strong></span> <span class='ocrx_word' id='word_1_156' title='bbox 1083 2538 1162 2586; x_wconf 87' lang='lat' dir='ltr'><strong>vero</strong></span> <span class='ocrx_word' id='word_1_157' title='bbox 1186 2519 1279 2606; x_wconf 91' lang='lat' dir='ltr'><strong>lapis</strong></span> <span class='ocrx_word' id='word_1_158' title='bbox 1297 2519 1358 2607; x_wconf 92' lang='lat' dir='ltr'><strong>qui</strong></span> <span class='ocrx_word' id='word_1_159' title='bbox 1375 2527 1409 2604; x_wconf 92' lang='lat' dir='ltr'><strong>et</strong></span> <span class='ocrx_word' id='word_1_160' title='bbox 1425 2521 1616 2608; x_wconf 88' lang='lat' dir='ltr'><strong>sapphirus</strong></span> <span class='ocrx_word' id='word_1_161' title='bbox 1640 2524 1783 2609; x_wconf 89' lang='lat' dir='ltr'><strong>appella</strong></span> <span class='ocrx_word' id='word_1_162' title='bbox 1800 2521 1850 2607; x_wconf 91' lang='lat'><strong>(6)</strong></span> <span class='ocrx_word' id='word_1_163' title='bbox 1867 2519 2050 2589; x_wconf 89' lang='lat' dir='ltr'><strong>invenitur</strong></span> <span class='ocrx_word' id='word_1_164' title='bbox 2065 2521 2103 2588; x_wconf 94' lang='lat' dir='ltr'><strong>in</strong></span> <span class='ocrx_word' id='word_1_165' title='bbox 2118 2521 2290 2588; x_wconf 84' lang='lat' dir='ltr'><strong>extremis</strong></span> <span class='ocrx_word' id='word_1_166' title='bbox 2306 2519 2416 2588; x_wconf 90' lang='lat' dir='ltr'><strong>libbie</strong></span> 
     </span>
     <span class='ocr_line' id='line_1_15' title="bbox 567 2671 2420 2763; baseline 0 -21"><span class='ocrx_word' id='word_1_167' title='bbox 567 2674 729 2760; x_wconf 89' lang='lat' dir='ltr'><strong>partibus</strong></span> <span class='ocrx_word' id='word_1_168' title='bbox 752 2671 850 2741; x_wconf 91' lang='lat' dir='ltr'><strong>circa</strong></span> <span class='ocrx_word' id='word_1_169' title='bbox 873 2677 1003 2759; x_wconf 88' lang='lat' dir='ltr'><strong>syrtes.</strong></span> <span class='ocrx_word' id='word_1_170' title='bbox 1028 2676 1198 2759; x_wconf 88' lang='lat' dir='ltr'><strong>expulsus</strong></span> <span class='ocrx_word' id='word_1_171' title='bbox 1223 2691 1245 2740; x_wconf 95' lang='lat' dir='ltr'><strong>a</strong></span> <span class='ocrx_word' id='word_1_172' title='bbox 1268 2691 1367 2740; x_wconf 89' lang='lat' dir='ltr'><strong>marc</strong></span> <span class='ocrx_word' id='word_1_173' title='bbox 1403 2692 1467 2762; x_wconf 87' lang='lat' dir='ltr'><strong>per</strong></span> <span class='ocrx_word' id='word_1_174' title='bbox 1501 2677 1742 2763; x_wconf 90' lang='lat' dir='ltr'><strong>tempestates.</strong></span> <span class='ocrx_word' id='word_1_175' title='bbox 1775 2676 1866 2744; x_wconf 91' lang='lat' dir='ltr'><strong>Idem</strong></span> <span class='ocrx_word' id='word_1_176' title='bbox 1901 2675 2064 2744; x_wconf 88' lang='lat' dir='ltr'><strong>nascitur</strong></span> <span class='ocrx_word' id='word_1_177' title='bbox 2086 2681 2120 2743; x_wconf 89' lang='lat' dir='ltr'><strong>et</strong></span> <span class='ocrx_word' id='word_1_178' title='bbox 2143 2676 2181 2742; x_wconf 94' lang='lat' dir='ltr'><strong>in</strong></span> <span class='ocrx_word' id='word_1_179' title='bbox 2205 2674 2336 2762; x_wconf 87' lang='lat' dir='ltr'><strong>apuliae</strong></span> <span class='ocrx_word' id='word_1_180' title='bbox 2364 2693 2420 2742; x_wconf 91' lang='lat' dir='ltr'><strong>re·</strong></span> 
     </span>
     <span class='ocr_line' id='line_1_16' title="bbox 566 2825 2417 2916; baseline 0 -22"><span class='ocrx_word' id='word_1_181' title='bbox 566 2825 686 2912; x_wconf 93' lang='lat' dir='ltr'><strong>gionis</strong></span> <span class='ocrx_word' id='word_1_182' title='bbox 709 2825 801 2914; x_wconf 90' lang='lat' dir='ltr'><strong>apud</strong></span> <span class='ocrx_word' id='word_1_183' title='bbox 825 2827 983 2895; x_wconf 84' lang='lat' dir='ltr'><strong>lucania.</strong></span> <span class='ocrx_word' id='word_1_184' title='bbox 1009 2826 1204 2912; x_wconf 88' lang='lat' dir='ltr'><strong>Amigeron</strong></span> <span class='ocrx_word' id='word_1_185' title='bbox 1227 2827 1365 2894; x_wconf 91' lang='lat' dir='ltr'><strong>scribit.</strong></span> <span class='ocrx_word' id='word_1_186' title='bbox 1391 2827 1459 2894; x_wconf 90' lang='lat' dir='ltr'><strong>Vir</strong></span> <span class='ocrx_word' id='word_1_187' title='bbox 1482 2828 1625 2915; x_wconf 80' lang='lat' dir='ltr'><strong>integer</strong></span> <span class='ocrx_word' id='word_1_188' title='bbox 1640 2831 1693 2914; x_wconf 87' lang='grc' dir='ltr'><strong>Ι(7)</strong></span> <span class='ocrx_word' id='word_1_189' title='bbox 1709 2831 1746 2896; x_wconf 91' lang='lat' dir='ltr'><strong>et</strong></span> <span class='ocrx_word' id='word_1_190' title='bbox 1768 2832 1893 2916; x_wconf 88' lang='lat' dir='ltr'><strong>potens</strong></span> <span class='ocrx_word' id='word_1_191' title='bbox 1917 2829 2062 2896; x_wconf 88' lang='lat' dir='ltr'><strong>vicisset</strong></span> <span class='ocrx_word' id='word_1_192' title='bbox 2084 2846 2223 2895; x_wconf 93' lang='lat' dir='ltr'><strong>omnem</strong></span> <span class='ocrx_word' id='word_1_193' title='bbox 2248 2829 2417 2895; x_wconf 81' lang='lat' dir='ltr'><strong>virtutem</strong></span> 
     </span>
     <span class='ocr_line' id='line_1_17' title="bbox 568 2979 2422 3069; baseline 0 -23"><span class='ocrx_word' id='word_1_194' title='bbox 568 2981 743 3068; x_wconf 90' lang='lat' dir='ltr'><strong>lapidum.</strong></span> <span class='ocrx_word' id='word_1_195' title='bbox 762 2998 866 3067; x_wconf 90' lang='lat' dir='ltr'><strong>quem</strong></span> <span class='ocrx_word' id='word_1_196' title='bbox 890 2979 1069 3047; x_wconf 88' lang='lat' dir='ltr'><strong>maximas</strong></span> <span class='ocrx_word' id='word_1_197' title='bbox 1093 2979 1268 3066; x_wconf 85' lang='lat' dir='ltr'><strong>potentias</strong></span> <span class='ocrx_word' id='word_1_198' title='bbox 1284 2981 1405 3048; x_wconf 90' lang='lat' dir='ltr'><strong>babet.</strong></span> <span class='ocrx_word' id='word_1_199' title='bbox 1423 2983 1459 3048; x_wconf 91' lang='lat' dir='ltr'><strong>et</strong></span> <span class='ocrx_word' id='word_1_200' title='bbox 1474 2980 1509 3048; x_wconf 88' lang='lat' dir='ltr'><strong>in</strong></span> <span class='ocrx_word' id='word_1_201' title='bbox 1526 2981 1651 3069; x_wconf 88' lang='lat' dir='ltr'><strong>primis</strong></span> <span class='ocrx_word' id='word_1_202' title='bbox 1667 2981 1877 3050; x_wconf 87' lang='lat' dir='ltr'><strong>tutamentis</strong></span> <span class='ocrx_word' id='word_1_203' title='bbox 1893 2984 2115 3050; x_wconf 87' lang='lat' dir='ltr'><strong>numeratur.</strong></span> <span class='ocrx_word' id='word_1_204' title='bbox 2132 2983 2195 3059; x_wconf 83' lang='lat' dir='ltr'><strong>Qui</strong></span> <span class='ocrx_word' id='word_1_205' title='bbox 2210 2983 2318 3048; x_wconf 90' lang='lat' dir='ltr'><strong>habet</strong></span> <span class='ocrx_word' id='word_1_206' title='bbox 2332 2997 2422 3068; x_wconf 83' lang='lat' dir='ltr'><strong>ergo</strong></span> 
     </span>
     <span class='ocr_line' id='line_1_18' title="bbox 569 3131 2418 3220; baseline -0.001 -19"><span class='ocrx_word' id='word_1_207' title='bbox 569 3135 665 3201; x_wconf 89' lang='lat' dir='ltr'><strong>hunc</strong></span> <span class='ocrx_word' id='word_1_208' title='bbox 687 3133 843 3220; x_wconf 87' lang='lat' dir='ltr'><strong>lapidem</strong></span> <span class='ocrx_word' id='word_1_209' title='bbox 868 3135 1029 3201; x_wconf 87' lang='lat' dir='ltr'><strong>armatus</strong></span> <span class='ocrx_word' id='word_1_210' title='bbox 1052 3137 1107 3201; x_wconf 88' lang='lat' dir='ltr'><strong>est</strong></span> <span class='ocrx_word' id='word_1_211' title='bbox 1130 3134 1301 3202; x_wconf 84' lang='lat' dir='ltr'><strong>adversus</strong></span> <span class='ocrx_word' id='word_1_212' title='bbox 1324 3153 1465 3202; x_wconf 89' lang='lat' dir='ltr'><strong>omnem</strong></span> <span class='ocrx_word' id='word_1_213' title='bbox 1490 3135 1665 3203; x_wconf 85' lang='lat' dir='ltr'><strong>fraudem.</strong></span> <span class='ocrx_word' id='word_1_214' title='bbox 1693 3138 1728 3201; x_wconf 91' lang='lat' dir='ltr'><strong>et</strong></span> <span class='ocrx_word' id='word_1_215' title='bbox 1751 3134 1914 3202; x_wconf 89' lang='lat' dir='ltr'><strong>omnibus</strong></span> <span class='ocrx_word' id='word_1_216' title='bbox 1938 3135 2135 3203; x_wconf 86' lang='lat' dir='ltr'><strong>maleficiis.</strong></span> <span class='ocrx_word' id='word_1_217' title='bbox 2160 3137 2197 3202; x_wconf 90' lang='lat' dir='ltr'><strong>et</strong></span> <span class='ocrx_word' id='word_1_218' title='bbox 2220 3137 2308 3220; x_wconf 88' lang='lat' dir='ltr'><strong>aput</strong></span> <span class='ocrx_word' id='word_1_219' title='bbox 2330 3131 2418 3201; x_wconf 91' lang='lat' dir='ltr'><strong>insi·</strong></span> 
     </span>
     <span class='ocr_line' id='line_1_19' title="bbox 569 3285 2421 3376; baseline 0.001 -22"><span class='ocrx_word' id='word_1_220' title='bbox 569 3285 647 3354; x_wconf 88' lang='lat' dir='ltr'><strong>dias</strong></span> <span class='ocrx_word' id='word_1_221' title='bbox 671 3287 822 3354; x_wconf 87' lang='lat' dir='ltr'><strong>aliorum</strong></span> <span class='ocrx_word' id='word_1_222' title='bbox 847 3285 1004 3373; x_wconf 90' lang='lat' dir='ltr'><strong>lapidum</strong></span> <span class='ocrx_word' id='word_1_223' title='bbox 1030 3286 1176 3354; x_wconf 88' lang='lat' dir='ltr'><strong>resistit.</strong></span> <span class='ocrx_word' id='word_1_224' title='bbox 1196 3287 1308 3373; x_wconf 87' lang='lat' dir='ltr'><strong>Hujus</strong></span> <span class='ocrx_word' id='word_1_225' title='bbox 1324 3291 1445 3356; x_wconf 91' lang='lat' dir='ltr'><strong>tamen</strong></span> <span class='ocrx_word' id='word_1_226' title='bbox 1469 3290 1643 3356; x_wconf 84' lang='lat' dir='ltr'><strong>naturalis</strong></span> <span class='ocrx_word' id='word_1_227' title='bbox 1658 3291 1858 3376; x_wconf 91' lang='lat' dir='ltr'><strong>potentiam</strong></span> <span class='ocrx_word' id='word_1_228' title='bbox 1882 3307 1957 3358; x_wconf 90' lang='lat' dir='ltr'><strong>esse</strong></span> <span class='ocrx_word' id='word_1_229' title='bbox 1973 3289 2128 3357; x_wconf 90' lang='lat' dir='ltr'><strong>divinam</strong></span> <span class='ocrx_word' id='word_1_230' title='bbox 2146 3294 2182 3374; x_wconf 87' lang='lat'><strong>(7</strong></span> <span class='ocrx_word' id='word_1_231' title='bbox 2199 3285 2262 3370; x_wconf 83' lang='lat' dir='ltr'><strong>bis)</strong></span> <span class='ocrx_word' id='word_1_232' title='bbox 2286 3287 2322 3355; x_wconf 90' lang='lat' dir='ltr'><strong>Si</strong></span> <span class='ocrx_word' id='word_1_233' title='bbox 2338 3288 2421 3375; x_wconf 87' lang='lat' dir='ltr'><strong>quis</strong></span> 
     </span>
    </p>
   </div>
   <div class='ocr_carea' id='block_1_4' title="bbox 570 3437 2423 3528">
    <p class='ocr_par' dir='ltr' id='par_1_5' title="bbox 570 3437 2423 3528">
     <span class='ocr_line' id='line_1_20' title="bbox 570 3437 2423 3528; baseline 0.002 -24"><span class='ocrx_word' id='word_1_234' title='bbox 570 3456 655 3523; x_wconf 87' lang='lat' dir='ltr'><strong>rege</strong></span> <span class='ocrx_word' id='word_1_235' title='bbox 679 3440 736 3504; x_wconf 86' lang='lat' dir='ltr'><strong>vel</strong></span> <span class='ocrx_word' id='word_1_236' title='bbox 761 3438 938 3524; x_wconf 90' lang='lat' dir='ltr'><strong>preposito</strong></span> <span class='ocrx_word' id='word_1_237' title='bbox 963 3437 1121 3506; x_wconf 91' lang='lat' dir='ltr'><strong>mittitur</strong></span> <span class='ocrx_word' id='word_1_238' title='bbox 1145 3437 1182 3506; x_wconf 91' lang='lat' dir='ltr'><strong>in</strong></span> <span class='ocrx_word' id='word_1_239' title='bbox 1207 3438 1359 3507; x_wconf 90' lang='lat' dir='ltr'><strong>vinculis</strong></span> <span class='ocrx_word' id='word_1_240' title='bbox 1383 3445 1530 3527; x_wconf 90' lang='lat' dir='ltr'><strong>propter</strong></span> <span class='ocrx_word' id='word_1_241' title='bbox 1561 3443 1714 3512; x_wconf 90' lang='lat' dir='ltr'><strong>delenda</strong></span> <span class='ocrx_word' id='word_1_242' title='bbox 1737 3444 1813 3511; x_wconf 88' lang='lat' dir='ltr'><strong>vita</strong></span> <span class='ocrx_word' id='word_1_243' title='bbox 1836 3445 1900 3527; x_wconf 89' lang='grc'>(8).</span> <span class='ocrx_word' id='word_1_244' title='bbox 1927 3447 1964 3511; x_wconf 92' lang='lat' dir='ltr'><strong>et</strong></span> <span class='ocrx_word' id='word_1_245' title='bbox 1998 3441 2153 3510; x_wconf 88' lang='lat' dir='ltr'><strong>voluerit</strong></span> <span class='ocrx_word' id='word_1_246' title='bbox 2182 3441 2314 3528; x_wconf 88' lang='lat' dir='ltr'><strong>aliquis</strong></span> <span class='ocrx_word' id='word_1_247' title='bbox 2337 3440 2423 3508; x_wconf 91' lang='lat' dir='ltr'><strong>edu·</strong></span> 
     </span>
    </p>
   </div>
   <div class='ocr_carea' id='block_1_5' title="bbox 580 3725 945 3741">
    <p class='ocr_par' dir='ltr' id='par_1_6' title="bbox 580 3725 945 3741">
     <span class='ocr_line' id='line_1_21' title="bbox 580 3725 945 3741; baseline 0.005 -3"><span class='ocrx_word' id='word_1_248' title='bbox 580 3725 945 3741; x_wconf 46' lang='grc' dir='ltr'><strong>ψ*</strong></span> 
     </span>
    </p>
   </div>
   <div class='ocr_carea' id='block_1_6' title="bbox 569 3909 2441 5156">
    <p class='ocr_par' dir='ltr' id='par_1_7' title="bbox 569 3909 2441 4715">
     <span class='ocr_line' id='line_1_22' title="bbox 611 3909 2419 3994; baseline -0.001 -20"><span class='ocrx_word' id='word_1_249' title='bbox 611 3912 659 3994; x_wconf 84' lang='grc'>(1)</span> <span class='ocrx_word' id='word_1_250' title='bbox 682 3913 773 3973; x_wconf 87' lang='lat' dir='ltr'><strong>Dalla</strong></span> <span class='ocrx_word' id='word_1_251' title='bbox 793 3911 904 3992; x_wconf 85' lang='lat' dir='ltr'><strong>parola</strong></span> <span class='ocrx_word' id='word_1_252' title='bbox 925 3913 975 3972; x_wconf 81' lang='lat' dir='ltr'><strong>ita</strong></span> <span class='ocrx_word' id='word_1_253' title='bbox 996 3911 1063 3972; x_wconf 90' lang='lat' dir='ltr'><strong>sino</strong></span> <span class='ocrx_word' id='word_1_254' title='bbox 1085 3911 1149 3971; x_wconf 86' lang='lat' dir='ltr'><strong>alla</strong></span> <span class='ocrx_word' id='word_1_255' title='bbox 1169 3910 1279 3991; x_wconf 86' lang='lat' dir='ltr'><strong>parola</strong></span> <span class='ocrx_word' id='word_1_256' title='bbox 1298 3910 1472 3988; x_wconf 79' lang='lat' dir='ltr'><strong>pervenire</strong></span> <span class='ocrx_word' id='word_1_257' title='bbox 1493 3928 1605 3970; x_wconf 85' lang='lat' dir='ltr'><strong>manca</strong></span> <span class='ocrx_word' id='word_1_258' title='bbox 1626 3912 1836 3971; x_wconf 87' lang='lat' dir='ltr'><strong>interamente</strong></span> <span class='ocrx_word' id='word_1_259' title='bbox 1866 3909 1918 3970; x_wconf 92' lang='lat' dir='ltr'><strong>nel</strong></span> <span class='ocrx_word' id='word_1_260' title='bbox 1939 3913 2020 3970; x_wconf 90' lang='lat' dir='ltr'><strong>testo</strong></span> <span class='ocrx_word' id='word_1_261' title='bbox 2053 3909 2104 3969; x_wconf 88' lang='lat' dir='ltr'><strong>del</strong></span> <span class='ocrx_word' id='word_1_262' title='bbox 2128 3910 2190 3980; x_wconf 92' lang='grc' dir='ltr'><strong>Ρ.,</strong></span> <span class='ocrx_word' id='word_1_263' title='bbox 2223 3910 2419 3990; x_wconf 75' lang='lat' dir='ltr'><strong>triportato</strong></span> 
     </span>
     <span class='ocr_line' id='line_1_23' title="bbox 569 4055 2424 4137; baseline 0.001 -19"><span class='ocrx_word' id='word_1_264' title='bbox 569 4060 644 4136; x_wconf 84' lang='lat' dir='ltr'><strong>perd</strong></span> <span class='ocrx_word' id='word_1_265' title='bbox 665 4058 750 4120; x_wconf 88' lang='lat' dir='ltr'><strong>nelle</strong></span> <span class='ocrx_word' id='word_1_266' title='bbox 770 4063 854 4121; x_wconf 87' lang='lat' dir='ltr'><strong>note.</strong></span> <span class='ocrx_word' id='word_1_267' title='bbox 877 4091 918 4102; x_wconf 90' lang='lat'><strong>-</strong></span> <span class='ocrx_word' id='word_1_268' title='bbox 938 4058 977 4118; x_wconf 87' lang='lat' dir='ltr'><strong>A.</strong></span> <span class='ocrx_word' id='word_1_269' title='bbox 1000 4059 1053 4118; x_wconf 92' lang='lat' dir='ltr'><strong>nel</strong></span> <span class='ocrx_word' id='word_1_270' title='bbox 1074 4061 1156 4118; x_wconf 88' lang='lat' dir='ltr'><strong>testo</strong></span> <span class='ocrx_word' id='word_1_271' title='bbox 1177 4057 1280 4137; x_wconf 88' lang='lat' dir='ltr'><strong>prima</strong></span> <span class='ocrx_word' id='word_1_272' title='bbox 1301 4056 1385 4117; x_wconf 85' lang='lat' dir='ltr'><strong>della</strong></span> <span class='ocrx_word' id='word_1_273' title='bbox 1405 4057 1514 4136; x_wconf 76' lang='lat' dir='ltr'><strong>parole</strong></span> <span class='ocrx_word' id='word_1_274' title='bbox 1534 4055 1584 4116; x_wconf 79' lang='lat' dir='ltr'><strong>ita</strong></span> <span class='ocrx_word' id='word_1_275' title='bbox 1604 4073 1704 4134; x_wconf 79' lang='lat' dir='ltr'><strong>segne</strong></span> <span class='ocrx_word' id='word_1_276' title='bbox 1724 4055 1775 4116; x_wconf 92' lang='lat' dir='ltr'><strong>dei</strong></span> <span class='ocrx_word' id='word_1_277' title='bbox 1796 4055 1886 4136; x_wconf 86' lang='lat' dir='ltr'><strong>punti</strong></span> <span class='ocrx_word' id='word_1_278' title='bbox 1890 4099 1965 4118; x_wconf 92' lang='grc'><strong>......</strong></span> <span class='ocrx_word' id='word_1_279' title='bbox 1998 4073 2016 4114; x_wconf 88' lang='lat' dir='ltr'><strong>e</strong></span> <span class='ocrx_word' id='word_1_280' title='bbox 2039 4057 2102 4116; x_wconf 84' lang='lat' dir='ltr'><strong>cosi</strong></span> <span class='ocrx_word' id='word_1_281' title='bbox 2124 4057 2155 4115; x_wconf 81' lang='lat' dir='ltr'><strong>fa</strong></span> <span class='ocrx_word' id='word_1_282' title='bbox 2177 4075 2256 4134; x_wconf 88' lang='lat' dir='ltr'><strong>pure</strong></span> <span class='ocrx_word' id='word_1_283' title='bbox 2284 4055 2365 4137; x_wconf 90' lang='lat' dir='ltr'><strong>dopo</strong></span> <span class='ocrx_word' id='word_1_284' title='bbox 2388 4059 2424 4119; x_wconf 81' lang='lat' dir='ltr'><strong>la</strong></span> 
     </span>
     <span class='ocr_line' id='line_1_24' title="bbox 571 4197 2425 4298; baseline -0.003 -30"><span class='ocrx_word' id='word_1_285' title='bbox 571 4203 680 4288; x_wconf 80' lang='lat' dir='ltr'><strong>parole</strong></span> <span class='ocrx_word' id='word_1_286' title='bbox 697 4205 881 4284; x_wconf 78' lang='lat' dir='ltr'><strong>pervenire.</strong></span> <span class='ocrx_word' id='word_1_287' title='bbox 905 4203 942 4263; x_wconf 93' lang='lat' dir='ltr'><strong>In</strong></span> <span class='ocrx_word' id='word_1_288' title='bbox 963 4207 1036 4263; x_wconf 91' lang='lat' dir='ltr'><strong>nota</strong></span> <span class='ocrx_word' id='word_1_289' title='bbox 1057 4204 1110 4283; x_wconf 91' lang='lat' dir='ltr'><strong>poi</strong></span> <span class='ocrx_word' id='word_1_290' title='bbox 1131 4201 1211 4265; x_wconf 82' lang='lat' dir='ltr'><strong>dice:</strong></span> <span class='ocrx_word' id='word_1_291' title='bbox 1237 4227 1249 4260; x_wconf 80' lang='lat' dir='ltr'><strong>r</strong></span> <span class='ocrx_word' id='word_1_292' title='bbox 1274 4219 1354 4280; x_wconf 88' lang='lat' dir='ltr'><strong>quae</strong></span> <span class='ocrx_word' id='word_1_293' title='bbox 1376 4199 1523 4262; x_wconf 91' lang='lat' dir='ltr'><strong>hocloco</strong></span> <span class='ocrx_word' id='word_1_294' title='bbox 1544 4199 1627 4260; x_wconf 86' lang='lat' dir='ltr'><strong>inter</strong></span> <span class='ocrx_word' id='word_1_295' title='bbox 1648 4197 1782 4260; x_wconf 88' lang='lat' dir='ltr'><strong>lacunae</strong></span> <span class='ocrx_word' id='word_1_296' title='bbox 1804 4197 1894 4278; x_wconf 85' lang='lat' dir='ltr'><strong>signe</strong></span> <span class='ocrx_word' id='word_1_297' title='bbox 1914 4197 2017 4279; x_wconf 86' lang='lat' dir='ltr'><strong>posui,</strong></span> <span class='ocrx_word' id='word_1_298' title='bbox 2033 4219 2072 4259; x_wconf 85' lang='lat' dir='ltr'><strong>ex</strong></span> <span class='ocrx_word' id='word_1_299' title='bbox 2092 4203 2182 4298; x_wconf 68' lang='lat' dir='ltr'><strong>textu</strong></span> <span class='ocrx_word' id='word_1_300' title='bbox 2203 4199 2298 4260; x_wconf 89' lang='lat' dir='ltr'><strong>eiecit</strong></span> <span class='ocrx_word' id='word_1_301' title='bbox 2314 4199 2425 4274; x_wconf 84' lang='lat' dir='ltr'><strong>Pitra,</strong></span> 
     </span>
     <span class='ocr_line' id='line_1_25' title="bbox 572 4344 2431 4429; baseline 0 -19"><span class='ocrx_word' id='word_1_302' title='bbox 572 4351 627 4429; x_wconf 91' lang='lat' dir='ltr'><strong>qui</strong></span> <span class='ocrx_word' id='word_1_303' title='bbox 652 4350 764 4413; x_wconf 83' lang='lat' dir='ltr'><strong>addit:</strong></span> <span class='ocrx_word' id='word_1_304' title='bbox 786 4349 975 4410; x_wconf 88' lang='lat' dir='ltr'><strong>-Lacinia</strong></span> <span class='ocrx_word' id='word_1_305' title='bbox 995 4349 1058 4409; x_wconf 92' lang='lat' dir='ltr'><strong>huc</strong></span> <span class='ocrx_word' id='word_1_306' title='bbox 1078 4353 1213 4419; x_wconf 84' lang='lat' dir='ltr'><strong>temere,</strong></span> <span class='ocrx_word' id='word_1_307' title='bbox 1234 4345 1342 4409; x_wconf 88' lang='lat' dir='ltr'><strong>nescio</strong></span> <span class='ocrx_word' id='word_1_308' title='bbox 1363 4346 1471 4418; x_wconf 87' lang='lat' dir='ltr'><strong>unde,</strong></span> <span class='ocrx_word' id='word_1_309' title='bbox 1493 4345 1643 4414; x_wconf 86' lang='lat' dir='ltr'><strong>invecta,</strong></span> <span class='ocrx_word' id='word_1_310' title='bbox 1672 4348 1861 4409; x_wconf 86' lang='lat' dir='ltr'><strong>omissorum</strong></span> <span class='ocrx_word' id='word_1_311' title='bbox 1882 4348 1987 4406; x_wconf 89' lang='lat' dir='ltr'><strong>locum</strong></span> <span class='ocrx_word' id='word_1_312' title='bbox 2008 4349 2151 4424; x_wconf 87' lang='lat' dir='ltr'><strong>occupat.</strong></span> <span class='ocrx_word' id='word_1_313' title='bbox 2183 4344 2334 4425; x_wconf 87' lang='lat' dir='ltr'><strong>Suspicor</strong></span> <span class='ocrx_word' id='word_1_314' title='bbox 2362 4366 2431 4410; x_wconf 84' lang='lat' dir='ltr'><strong>non</strong></span> 
     </span>
     <span class='ocr_line' id='line_1_26' title="bbox 571 4487 2441 4579; baseline -0.003 -19"><span class='ocrx_word' id='word_1_315' title='bbox 571 4517 673 4578; x_wconf 87' lang='lat' dir='ltr'><strong>pauca</strong></span> <span class='ocrx_word' id='word_1_316' title='bbox 693 4497 805 4579; x_wconf 83' lang='lat' dir='ltr'><strong>capitis</strong></span> <span class='ocrx_word' id='word_1_317' title='bbox 825 4496 914 4558; x_wconf 89' lang='lat' dir='ltr'><strong>XXX</strong></span> <span class='ocrx_word' id='word_1_318' title='bbox 934 4516 974 4558; x_wconf 79' lang='lat' dir='ltr'><strong>ea</strong></span> <span class='ocrx_word' id='word_1_319' title='bbox 995 4496 1055 4557; x_wconf 92' lang='lat' dir='ltr'><strong>hoc</strong></span> <span class='ocrx_word' id='word_1_320' title='bbox 1076 4495 1149 4556; x_wconf 88' lang='lat' dir='ltr'><strong>XXI</strong></span> <span class='ocrx_word' id='word_1_321' title='bbox 1171 4495 1315 4556; x_wconf 85' lang='lat' dir='ltr'><strong>detracta</strong></span> <span class='ocrx_word' id='word_1_322' title='bbox 1335 4492 1471 4574; x_wconf 87' lang='lat' dir='ltr'><strong>pessime</strong></span> <span class='ocrx_word' id='word_1_323' title='bbox 1493 4511 1574 4560; x_wconf 84' lang='lat' dir='ltr'><strong>esse.</strong></span> <span class='ocrx_word' id='word_1_324' title='bbox 1597 4492 1638 4553; x_wconf 89' lang='lat' dir='ltr'><strong>ab</strong></span> <span class='ocrx_word' id='word_1_325' title='bbox 1660 4491 1748 4553; x_wconf 90' lang='lat' dir='ltr'><strong>hisce</strong></span> <span class='ocrx_word' id='word_1_326' title='bbox 1769 4491 1887 4554; x_wconf 85' lang='lat' dir='ltr'><strong>verbis:</strong></span> <span class='ocrx_word' id='word_1_327' title='bbox 1910 4491 2049 4552; x_wconf 86' lang='lat' dir='ltr'><strong>Medium</strong></span> <span class='ocrx_word' id='word_1_328' title='bbox 2071 4511 2142 4554; x_wconf 86' lang='lat' dir='ltr'><strong>vero</strong></span> <span class='ocrx_word' id='word_1_329' title='bbox 2164 4494 2289 4554; x_wconf 90' lang='lat' dir='ltr'><strong>nomine</strong></span> <span class='ocrx_word' id='word_1_330' title='bbox 2306 4491 2345 4552; x_wconf 90' lang='lat' dir='ltr'><strong>de</strong></span> <span class='ocrx_word' id='word_1_331' title='bbox 2360 4487 2441 4554; x_wconf 76' lang='lat' dir='ltr'><strong>lle-¹</strong></span> 
     </span>
     <span class='ocr_line' id='line_1_27' title="bbox 572 4634 2428 4715; baseline -0.007 -10"><span class='ocrx_word' id='word_1_332' title='bbox 572 4643 687 4708; x_wconf 90' lang='lat' dir='ltr'><strong>diodon</strong></span> <span class='ocrx_word' id='word_1_333' title='bbox 709 4647 770 4704; x_wconf 90' lang='lat' dir='ltr'><strong>etc.</strong></span> <span class='ocrx_word' id='word_1_334' title='bbox 793 4640 856 4702; x_wconf 87' lang='lat' dir='ltr'><strong>Sed</strong></span> <span class='ocrx_word' id='word_1_335' title='bbox 877 4659 950 4701; x_wconf 89' lang='lat' dir='ltr'><strong>cum</strong></span> <span class='ocrx_word' id='word_1_336' title='bbox 971 4639 1004 4701; x_wconf 93' lang='lat' dir='ltr'><strong>in</strong></span> <span class='ocrx_word' id='word_1_337' title='bbox 1025 4639 1176 4700; x_wconf 90' lang='lat' dir='ltr'><strong>Marhodo</strong></span> <span class='ocrx_word' id='word_1_338' title='bbox 1198 4638 1308 4699; x_wconf 87' lang='lat' dir='ltr'><strong>eadem</strong></span> <span class='ocrx_word' id='word_1_339' title='bbox 1329 4655 1436 4698; x_wconf 91' lang='lat' dir='ltr'><strong>rerum</strong></span> <span class='ocrx_word' id='word_1_340' title='bbox 1458 4635 1539 4697; x_wconf 85' lang='lat' dir='ltr'><strong>ratio</strong></span> <span class='ocrx_word' id='word_1_341' title='bbox 1560 4640 1614 4696; x_wconf 86' lang='lat' dir='ltr'><strong>aut</strong></span> <span class='ocrx_word' id='word_1_342' title='bbox 1629 4635 1770 4696; x_wconf 83' lang='lat' dir='ltr'><strong>confusio</strong></span> <span class='ocrx_word' id='word_1_343' title='bbox 1790 4635 1941 4705; x_wconf 86' lang='lat' dir='ltr'><strong>occurrit,</strong></span> <span class='ocrx_word' id='word_1_344' title='bbox 1954 4634 2040 4696; x_wconf 90' lang='lat' dir='ltr'><strong>nolui</strong></span> <span class='ocrx_word' id='word_1_345' title='bbox 2055 4639 2178 4696; x_wconf 89' lang='lat' dir='ltr'><strong>mutare</strong></span> <span class='ocrx_word' id='word_1_346' title='bbox 2195 4635 2381 4715; x_wconf 87' lang='lat' dir='ltr'><strong>quidquam.</strong></span> <span class='ocrx_word' id='word_1_347' title='bbox 2409 4659 2428 4692; x_wconf 67' lang='lat' dir='ltr'><strong>a</strong></span> 
     </span>
    </p>

    <p class='ocr_par' dir='ltr' id='par_1_8' title="bbox 614 4781 1363 4868">
     <span class='ocr_line' id='line_1_28' title="bbox 614 4781 1363 4868; baseline -0.016 -19"><span class='ocrx_word' id='word_1_348' title='bbox 614 4789 658 4868; x_wconf 74' lang='lat'><strong>(2)</strong></span> <span class='ocrx_word' id='word_1_349' title='bbox 681 4788 717 4849; x_wconf 90' lang='lat' dir='ltr'><strong>P.</strong></span> <span class='ocrx_word' id='word_1_350' title='bbox 745 4810 757 4844; x_wconf 79' lang='grc' dir='ltr'><strong><em>ι</em></strong></span> <span class='ocrx_word' id='word_1_351' title='bbox 782 4785 979 4847; x_wconf 79' lang='lat' dir='ltr'><strong>craticulam.</strong></span> <span class='ocrx_word' id='word_1_352' title='bbox 1005 4807 1017 4838; x_wconf 80' lang='grc' dir='ltr'><strong>ι</strong></span> <span class='ocrx_word' id='word_1_353' title='bbox 1043 4783 1081 4844; x_wconf 88' lang='lat' dir='ltr'><strong>A.</strong></span> <span class='ocrx_word' id='word_1_354' title='bbox 1108 4807 1119 4839; x_wconf 79' lang='grc' dir='ltr'>ι</span> <span class='ocrx_word' id='word_1_355' title='bbox 1146 4781 1324 4843; x_wconf 85' lang='lat' dir='ltr'><strong>coticulam.</strong></span> <span class='ocrx_word' id='word_1_356' title='bbox 1351 4803 1363 4836; x_wconf 78' lang='lat' dir='ltr'><strong>n</strong></span> 
     </span>
    </p>

    <p class='ocr_par' dir='ltr' id='par_1_9' title="bbox 611 4925 1356 5011">
     <span class='ocr_line' id='line_1_29' title="bbox 611 4925 1356 5011; baseline -0.009 -19"><span class='ocrx_word' id='word_1_357' title='bbox 611 4931 659 5011; x_wconf 88' lang='lat'><strong>(3)</strong></span> <span class='ocrx_word' id='word_1_358' title='bbox 681 4931 717 4992; x_wconf 89' lang='lat' dir='ltr'><strong>P.</strong></span> <span class='ocrx_word' id='word_1_359' title='bbox 742 4949 760 4991; x_wconf 88' lang='lat' dir='ltr'><strong>e</strong></span> <span class='ocrx_word' id='word_1_360' title='bbox 781 4925 820 4990; x_wconf 75' lang='lat' dir='ltr'><strong>A.</strong></span> <span class='ocrx_word' id='word_1_361' title='bbox 847 4955 858 4986; x_wconf 78' lang='grc' dir='ltr'>ι</span> <span class='ocrx_word' id='word_1_362' title='bbox 882 4927 915 4989; x_wconf 92' lang='lat' dir='ltr'><strong>in</strong></span> <span class='ocrx_word' id='word_1_363' title='bbox 936 4929 1037 5009; x_wconf 87' lang='lat' dir='ltr'><strong>primo</strong></span> <span class='ocrx_word' id='word_1_364' title='bbox 1057 4931 1152 5008; x_wconf 83' lang='lat' dir='ltr'><strong>partu</strong></span> <span class='ocrx_word' id='word_1_365' title='bbox 1173 4945 1319 5008; x_wconf 88' lang='lat' dir='ltr'><strong>puerum.</strong></span> <span class='ocrx_word' id='word_1_366' title='bbox 1345 4947 1356 4979; x_wconf 79' lang='lat' dir='ltr'><strong>r</strong></span> 
     </span>
    </p>

    <p class='ocr_par' dir='ltr' id='par_1_10' title="bbox 614 5071 986 5156">
     <span class='ocr_line' id='line_1_30' title="bbox 614 5071 986 5156; baseline -0.019 -21"><span class='ocrx_word' id='word_1_367' title='bbox 614 5075 662 5156; x_wconf 80' lang='lat' dir='ltr'><strong>(t)</strong></span> <span class='ocrx_word' id='word_1_368' title='bbox 684 5074 720 5137; x_wconf 93' lang='grc' dir='ltr'><strong>Ρ.</strong></span> <span class='ocrx_word' id='word_1_369' title='bbox 747 5071 948 5154; x_wconf 75' lang='lat' dir='ltr'><strong>«podagros.</strong></span> <span class='ocrx_word' id='word_1_370' title='bbox 974 5096 986 5128; x_wconf 76' lang='grc' dir='ltr'>ι</span> 
     </span>
    </p>
   </div>
   <div class='ocr_carea' id='block_1_7' title="bbox 614 5218 1234 5412">
    <p class='ocr_par' dir='ltr' id='par_1_11' title="bbox 614 5218 1234 5412">
     <span class='ocr_line' id='line_1_31' title="bbox 614 5218 1234 5302; baseline -0.019 -20"><span class='ocrx_word' id='word_1_371' title='bbox 614 5220 663 5302; x_wconf 87' lang='grc'>(5)</span> <span class='ocrx_word' id='word_1_372' title='bbox 686 5220 721 5281; x_wconf 88' lang='grc' dir='ltr'><strong>Ρ.</strong></span> <span class='ocrx_word' id='word_1_373' title='bbox 745 5240 762 5282; x_wconf 88' lang='lat' dir='ltr'><strong>e</strong></span> <span class='ocrx_word' id='word_1_374' title='bbox 784 5221 823 5281; x_wconf 91' lang='grc' dir='ltr'><strong>Α.</strong></span> <span class='ocrx_word' id='word_1_375' title='bbox 850 5243 861 5274; x_wconf 81' lang='grc' dir='ltr'>ι</span> <span class='ocrx_word' id='word_1_376' title='bbox 887 5237 948 5299; x_wconf 91' lang='lat' dir='ltr'><strong>quo</strong></span> <span class='ocrx_word' id='word_1_377' title='bbox 970 5238 1030 5280; x_wconf 91' lang='lat' dir='ltr'><strong>non</strong></span> <span class='ocrx_word' id='word_1_378' title='bbox 1051 5218 1196 5280; x_wconf 87' lang='lat' dir='ltr'><strong>satietur.</strong></span> <span class='ocrx_word' id='word_1_379' title='bbox 1222 5237 1234 5270; x_wconf 74' lang='grc' dir='ltr'><strong>ι</strong></span> 
     </span>
     <span class='ocr_line' id='line_1_32' title="bbox 615 5329 1115 5412; baseline -0.016 -20"><span class='ocrx_word' id='word_1_380' title='bbox 615 5329 665 5412; x_wconf 88' lang='grc'>(6)</span> <span class='ocrx_word' id='word_1_381' title='bbox 687 5331 722 5392; x_wconf 88' lang='grc' dir='ltr'><strong>Ρ.</strong></span> <span class='ocrx_word' id='word_1_382' title='bbox 745 5351 763 5392; x_wconf 89' lang='lat' dir='ltr'><strong>e</strong></span> <span class='ocrx_word' id='word_1_383' title='bbox 785 5331 824 5393; x_wconf 90' lang='lat' dir='ltr'><strong>A.</strong></span> <span class='ocrx_word' id='word_1_384' title='bbox 852 5355 864 5388; x_wconf 75' lang='grc' dir='ltr'>ι</span> <span class='ocrx_word' id='word_1_385' title='bbox 888 5330 1076 5412; x_wconf 83' lang='lat' dir='ltr'><strong>appellatur.</strong></span> <span class='ocrx_word' id='word_1_386' title='bbox 1103 5351 1115 5384; x_wconf 70' lang='lat' dir='ltr'><strong>r</strong></span> 
     </span>
    </p>
   </div>
   <div class='ocr_carea' id='block_1_8' title="bbox 615 5473 1343 5702">
    <p class='ocr_par' dir='ltr' id='par_1_12' title="bbox 615 5473 1343 5702">
     <span class='ocr_line' id='line_1_33' title="bbox 615 5473 1137 5556; baseline -0.008 -22"><span class='ocrx_word' id='word_1_387' title='bbox 615 5473 660 5556; x_wconf 81' lang='grc'>(7)</span> <span class='ocrx_word' id='word_1_388' title='bbox 683 5474 719 5536; x_wconf 89' lang='grc' dir='ltr'><strong>Ρ.</strong></span> <span class='ocrx_word' id='word_1_389' title='bbox 743 5495 760 5536; x_wconf 89' lang='lat' dir='ltr'><strong>e</strong></span> <span class='ocrx_word' id='word_1_390' title='bbox 783 5477 821 5536; x_wconf 90' lang='lat' dir='ltr'><strong>A.</strong></span> <span class='ocrx_word' id='word_1_391' title='bbox 849 5500 860 5532; x_wconf 71' lang='lat' dir='ltr'><strong>a</strong></span> <span class='ocrx_word' id='word_1_392' title='bbox 883 5475 942 5536; x_wconf 91' lang='lat' dir='ltr'><strong>Hic</strong></span> <span class='ocrx_word' id='word_1_393' title='bbox 963 5474 1100 5552; x_wconf 78' lang='lat' dir='ltr'><strong>integer.</strong></span> <span class='ocrx_word' id='word_1_394' title='bbox 1126 5497 1137 5530; x_wconf 73' lang='lat' dir='ltr'><strong>a</strong></span> 
     </span>
     <span class='ocr_line' id='line_1_34' title="bbox 616 5617 1343 5702; baseline -0.015 -20"><span class='ocrx_word' id='word_1_395' title='bbox 616 5619 713 5702; x_wconf 78' lang='lat' dir='ltr'><strong>(llis)</strong></span> <span class='ocrx_word' id='word_1_396' title='bbox 735 5621 770 5682; x_wconf 90' lang='lat' dir='ltr'><strong>P.</strong></span> <span class='ocrx_word' id='word_1_397' title='bbox 794 5619 833 5680; x_wconf 90' lang='lat' dir='ltr'><strong>ed</strong></span> <span class='ocrx_word' id='word_1_398' title='bbox 854 5619 892 5682; x_wconf 89' lang='lat' dir='ltr'><strong>A.</strong></span> <span class='ocrx_word' id='word_1_399' title='bbox 920 5643 932 5677; x_wconf 76' lang='grc' dir='ltr'>ι</span> <span class='ocrx_word' id='word_1_400' title='bbox 956 5638 1026 5680; x_wconf 85' lang='lat' dir='ltr'><strong>esse</strong></span> <span class='ocrx_word' id='word_1_401' title='bbox 1048 5618 1155 5680; x_wconf 84' lang='lat' dir='ltr'><strong>diviua</strong></span> <span class='ocrx_word' id='word_1_402' title='bbox 1177 5617 1305 5678; x_wconf 85' lang='lat' dir='ltr'><strong>dicitur.</strong></span> <span class='ocrx_word' id='word_1_403' title='bbox 1332 5639 1343 5671; x_wconf 76' lang='grc' dir='ltr'>ι</span> 
     </span>
    </p>
   </div>
   <div class='ocr_carea' id='block_1_9' title="bbox 616 5763 1211 5845">
    <p class='ocr_par' dir='ltr' id='par_1_13' title="bbox 616 5763 1211 5845">
     <span class='ocr_line' id='line_1_35' title="bbox 616 5763 1211 5845; baseline -0.002 -21"><span class='ocrx_word' id='word_1_404' title='bbox 616 5763 665 5845; x_wconf 90' lang='grc'>(8)</span> <span class='ocrx_word' id='word_1_405' title='bbox 688 5765 727 5826; x_wconf 86' lang='lat' dir='ltr'><strong>A.</strong></span> <span class='ocrx_word' id='word_1_406' title='bbox 754 5789 765 5820; x_wconf 81' lang='grc' dir='ltr'>ι</span> <span class='ocrx_word' id='word_1_407' title='bbox 790 5768 920 5844; x_wconf 83' lang='lat' dir='ltr'><strong>propter</strong></span> <span class='ocrx_word' id='word_1_408' title='bbox 940 5764 1055 5824; x_wconf 86' lang='lat' dir='ltr'><strong>delicta</strong></span> <span class='ocrx_word' id='word_1_409' title='bbox 1076 5763 1172 5824; x_wconf 87' lang='lat' dir='ltr'><strong>vitae.</strong></span> <span class='ocrx_word' id='word_1_410' title='bbox 1200 5784 1211 5816; x_wconf 80' lang='grc' dir='ltr'>ι</span> 
     </span>
    </p>
   </div>
   <div class='ocr_carea' id='block_1_10' title="bbox 0 0 2704 7106">
    <p class='ocr_par' dir='ltr' id='par_1_14' title="bbox 0 0 2704 7106">
     <span class='ocr_line' id='line_1_36' title="bbox 0 0 2704 7106; baseline 0 0"><span class='ocrx_word' id='word_1_411' title='bbox 0 0 2704 7106; x_wconf 95' lang='lat' dir='ltr'><strong> </strong></span> 
     </span>
    </p>
   </div>
  </div>
 </body>
</html>
