5454 7104
605 580 670 652 trs
1250 578 1423 652 CODBX
1458 579 1717 652 cluensis

552 773 755 840 construxit
778 773 965 840 eeclesiam
991 773 1197 840 vocabulum
1221 776 1343 840 sancte
1366 773 1458 841 lucie
1475 773 1626 860 virginis
1649 773 1687 842 in
1713 775 1859 862 propria
1883 778 1987 843 rebus
2009 793 2075 842 sua
2091 775 2135 843 de
2153 777 2230 843 loco
2256 775 2405 844 baniara

551 928 767 1012 pertinentis
789 928 1022 997 salernitane.
1048 931 1093 996 Et
1115 929 1190 1016 ipse
1214 929 1371 997 radolltrs
1394 929 1572 1016 presbiter
1595 927 1693 1002 venit
1718 927 1763 995 ad
1786 939 1843 994 me
1865 929 1903 995 et
1925 928 2067 1014 quasit,
2095 931 2135 996 ut
2157 927 2400 996 omitteremus

550 1082 586 1150 61
609 1084 749 1150 firmam
771 1082 1004 1150 securitatem
1028 1082 1071 1150 de
1095 1081 1266 1150 iamdicta
1288 1080 1450 1156 ecclesia,
1477 1080 1640 1167 qualiter
1659 1080 1756 1148 omni
1781 1083 1942 1168 tompore
1965 1099 2089 1149 secura
2111 1081 2149 1148 et
2171 1081 2290 1148 libera
2312 1083 2405 1148 esset

549 1256 573 1304 a
595 1238 695 1323 parte
717 1236 831 1304 nostri
855 1234 1141 1321 archiepiscopii.
1166 1236 1211 1300 Et
1234 1234 1296 1302 ille
1319 1233 1424 1300 daret
1439 1233 1556 1301 michi
1580 1232 1710 1301 exinde
1745 1235 1935 1320 argentum
1959 1232 2072 1300 libras
2104 1232 2204 1324 duas.
2246 1235 2405 1318 1116611-

548 1391 650 1465 tem,
674 1391 758 1458 dum
783 1389 873 1456 talia
897 1387 1046 1464 audivi,
1075 1387 1175 1474 coepi
1199 1387 1328 1454 exinde
1352 1389 1485 1455 habere
1509 1387 1726 1475 colloquium
1750 1406 1831 1455 cum
1854 1387 2065 1454 advocatore
2090 1385 2204 1454 nostri
2229 1385 2405 1472 archicpi-

547 1543 660 1631 scopir
683 1546 719 1610 et
742 1563 822 1610 cum
846 1543 952 1610 cleris
976 1543 1160 1610 honoratis
1176 1542 1286 1630 ipsius
1311 1545 1431 1610 nostre
1454 1543 1576 1610 sancte
1599 1541 1705 1610 sedis.
1732 1541 1823 1609 Inito
1839 1541 1998 1618 consilio,
2017 1541 2217 1626 comparuit
2238 1541 2404 1609 omnibus

547 1699 587 1766 et
612 1697 720 1766 michi
743 1697 832 1764 talia
856 1697 1070 1772 iaciendum,
1096 1701 1136 1764 ut
1159 1699 1204 1764 ab
1227 1697 1302 1784 ipso
1326 1696 1462 1764 radolio
1487 1697 1685 1784 presbitero
1712 1699 1901 1783 argentum
1926 1697 2040 1783 ipsum
2067 1695 2284 1782 reciperem,
2310 1694 2407 1762 unde

550 1852 799 1938 perficeremus
823 1851 919 1918 omni
943 1855 1101 1938 tempore
1124 1853 1264 1919 firmum
1289 1855 1325 1918 et
1347 1852 1512 1919 stabilem
1538 1855 1777 1938 permaneret.
1804 1854 1877 1928 Quo
1901 1851 1953 1917 ita
1978 1850 2124 1926 iactum,
2152 1867 2218 1936 ego
2241 1849 2403 1917 exdictus

552 2009 728 2074 lohannes
751 2005 884 2074 domini
908 2005 1032 2092 gratia
1057 2005 1370 2092 archiepiscopus,
1395 2025 1465 2072 una
1489 2021 1626 2072 mecum
1651 2005 1809 2092 predicto
1832 2005 2073 2080 adbocatore,
2100 2000 2298 2088 recepimus
2321 2021 2344 2071 a
2367 2007 2402 2069 te

550 2161 647 2245 ipsas
669 2157 757 2226 duas
780 2157 892 2226 libras
917 2159 1121 2242 argenteas,
1140 2175 1208 2244 que
1232 2157 1340 2223 michi
1364 2159 1603 2223 necessarium
1628 2157 1697 2223 suit
1719 2176 1784 2242 pro
1808 2159 1872 2222 hac
1890 2155 2143 2224 convenientia
2159 2155 2330 2242 recipere.
2356 2159 2400 2222 111

547 2329 617 2398 ego
639 2330 703 2397 pro
725 2310 847 2376 taliter
871 2328 935 2395 per
959 2311 1086 2376 bonam
1111 2307 1410 2376 cumvenientiam
1436 2326 1500 2393 per
1524 2309 1617 2374 hanc
1641 2309 1847 2385 cartulam,
1890 2326 1961 2374 una
1985 2325 2121 2373 mecum
2157 2307 2254 2373 esset
2288 2305 2402 2392 ipsum

549 2465 812 2550 advocatorem,
839 2461 1065 2530 concedimus
1088 2463 1124 2528 et
1148 2461 1435 2528 confirmavimus
1459 2461 1525 2528 tibi
1549 2461 1686 2528 radolio
1709 2459 1906 2547 presbitero
1930 2459 2057 2526 inclita
2080 2455 2155 2544 ipsa
2178 2457 2330 2525 ecclesia
2345 2478 2402 2526 vo

478 2613 484 2624 ’
549 2613 715 2687 cabul'u'm
738 2619 860 2684 sancte
885 2615 979 2684 lucie
1003 2614 1178 2700 virginis,
1204 2633 1295 2702 que,
1322 2619 1362 2682 ut
1384 2614 1518 2682 dictum
1542 2617 1615 2690 est,
1641 2615 1680 2680 in
1705 2613 1872 2681 iamdicta
1895 2615 2000 2681 rebus
2024 2615 2143 2679 vestra
2167 2631 2190 2679 a
2212 2613 2301 2679 nobo
2325 2612 2404 2679 iun-

551 2771 696 2840 damine
718 2769 979 2844 construxisti,
1017 2770 1057 2834 ut
1081 2767 1205 2835 amodo
1228 2771 1265 2835 61
1287 2768 1385 2835 omni
1409 2771 1567 2855 tempore
1593 2787 1615 2836 a
1639 2771 1742 2853 parte
1776 2767 1888 2834 nostri
1913 2765 2184 2852 archiepiscopii
2219 2783 2346 2834 secura
2367 2769 2404 2833 et

547 2925 667 2992 libera
689 2925 911 3010 permaneat,
937 2925 974 2988 et
996 2940 1137 3008 semper
1161 2921 1209 2988 sit
1232 2921 1277 2988 ad
1301 2923 1511 3008 potestatem
1536 2925 1636 2988 tuam
1659 2920 1761 2988 etde
1784 2917 1856 2987 tuis
1878 2918 2094 2996 heredibuS‚
2122 2917 2220 2987 omni
2244 2919 2402 3006 tempore

548 3081 765 3168 presbiteros
788 3095 850 3144 seu
876 3077 1065 3144 monachos
1089 3075 1146 3142 vel
1170 3073 1318 3142 clericos
1341 3073 1472 3141 ibidem
1496 3073 1772 3150 hordinandum‚
1798 3076 1950 3162 quantos
1973 3073 2185 3151 volueritis,
2210 3073 2412 3142 secundum·

548 3251 728 3304 canonum
750 3231 944 3306 instituta,
969 3228 1047 3295 sine
1070 3246 1150 3296 mea
1173 3228 1276 3296 etde
1300 3228 1388 3296 meis
1410 3227 1701 3305 successoribus,
1738 3229 1802 3295 aut
1825 3228 1868 3295 (16
1891 3229 2053 3316 partibus
2075 3227 2187 3315 ipsius
2210 3227 2323 3296 nostri
2346 3247 2403 3296 ar-

550 3384 784 3473 chiepiscopii
807 3382 1065 3450 contrarietate
1088 3381 1149 3447 vel
1175 3380 1418 3467 requisitione.
1445 3383 1489 3447 Et
1512 3381 1619 3468 quale
1642 3381 1856 3469 presbiteros
1879 3382 1936 3448 vel
1961 3382 2150 3449 monachos
2172 3399 2234 3450 seu
2257 3377 2402 3449 clericos

545 3551 613 3622 per
635 3537 671 3601 16
694 3537 729 3600 61
750 3551 815 3619 per
838 3535 917 3600 tuos
940 3532 1102 3610 heredes,
1127 3534 1223 3599 sicut
1245 3551 1355 3618 supra
1377 3532 1511 3600 dictum
1537 3538 1617 3611 est,
1645 3531 1777 3602 ibidem
1801 3533 1982 3602 hordinati
2006 3530 2164 3612 fuerint,
2189 3533 2241 3601 sic
2264 3551 2402 3620 semper

547 3687 678 3756 ibidem
701 3687 821 3765 siant,
847 3689 884 3754 et
907 3687 1024 3754 securi
1048 3689 1085 3754 et
1107 3687 1214 3754 liberi
1236 3688 1499 3774 permaneant,
1525 3688 1656 3776 absque
1690 3686 1787 3755 omni
1823 3687 2066 3755 molestatione
2088 3689 2126 3754 61
2147 3685 2401 3756 contrarietate

547 3860 640 3919 mea,
655 3844 692 3909 et
714 3841 758 3909 (16
782 3841 871 3908 meis
894 3840 1167 3917 successoribus,
1185 3858 1248 3907 seu
1272 3859 1294 3906 a
1316 3838 1479 3927 partibus
1503 3839 1617 3908 nostri
1642 3841 1929 3928 archiepiscopii.
1956 3843 2001 3908 Et
2023 3859 2089 3909 nec
2112 3859 2256 3918 nosnec
2274 3840 2403 3910 nostris

548 3995 824 4073 successoribus,
851 4012 916 4062 nec
940 4012 1024 4081 pars
1047 3993 1161 4061 nostri
1184 3992 1469 4080 archiepiscopii,
1488 3983 1625 4062 nullam
1648 3995 1843 4081 angariam
1867 3997 1930 4064 aut
1952 3995 2149 4072 servitium,
2165 3998 2222 4062 vel
2245 4013 2400 4071 censum,

550 4149 609 4218 uel
635 4145 795 4236 qualivet
817 4147 961 4216 datione
985 4147 1208 4235 imponamus
1231 4150 1295 4216 aut
1317 4119 1466 4235 exigere
1489 4167 1698 4236 queramus.
1724 4149 1817 4226 Sed,
1843 4150 1935 4218 sicut
1956 4149 2054 4226 (11111,
2079 4149 2122 4219 (16
2144 4151 2265 4220 omnia
2286 4149 2403 4219 securi

549 4307 590 4370 61
612 4301 720 4369 liberi
742 4301 985 4388 permaneatis
1008 4299 1047 4370 in
1070 4299 1241 4368 iamdicta
1264 4299 1403 4369 ratione
1427 4319 1449 4367 a
1473 4303 1576 4386 parte
1600 4303 1725 4370 nostra
1747 4305 2019 4391 nostrorumque
2045 4302 2315 4380 successoribus,
2340 4319 2402 4370 seu

547 4474 573 4526 a
595 4459 699 4544 parte
722 4455 857 4524 exdicti
882 4456 994 4523 nostri
1018 4455 1306 4544 archiepiscopii.
1332 4458 1376 4524 Et
1392 4473 1484 4544 quae
1508 4474 1573 4542 per
1595 4460 1632 4524 16
1656 4459 1694 4524 61
1708 4475 1774 4545 per
1789 4460 1867 4526 tuos
1882 4457 2030 4525 heredes
2053 4458 2096 4524 (16
2112 4459 2217 4526 rebus
2239 4461 2276 4526 et
2290 4457 2402 4526 causis

547 4610 678 4678 vestris
701 4611 745 4678 (16
768 4611 896 4679 vestris
920 4611 1198 4697 proprietatibus
1213 4609 1252 4679 in
1268 4610 1392 4678 eadem
1414 4611 1569 4680 ecclesia
1592 4612 1716 4680 datum
1740 4615 1777 4678 61
1799 4613 1962 4680 offertum
1985 4612 2107 4690 fuerit,
2125 4615 2162 4680 et
2184 4613 2214 4680 si
2238 4609 2310 4681 alia
2324 4631 2405 4700 per-

546 4777 642 4828 sona
664 4760 848 4828 hominum
873 4761 916 4828 de
941 4763 1044 4828 rebus
1067 4763 1105 4827 et
1127 4763 1243 4828 causis
1265 4760 1339 4829 suis
1361 4753 1514 4848 propriis
1540 4762 1670 4830 ibidem
1700 4764 1823 4831 datum
1846 4763 1956 4831 suerit
1977 4764 2035 4830 vel
2056 4766 2240 4842 offertum,
2264 4783 2402 4852 semper

550 4912 707 4982 firmiter
730 4915 941 5002 permaneat
963 4913 1002 4981 in
1025 4913 1195 4982 iamdicta
1219 4917 1282 4983 tua
1304 4915 1468 4984 ecclesia.
1494 4917 1539 4983 Et
1561 4935 1632 4982 non
1656 4917 1848 4984 babeamus
1875 4918 2085 5003 potestatem
2100 4918 2293 5006 aliquando
2315 4922 2403 4988 tem·

553 5083 639 5150 pore
664 5083 728 5132 nec
752 5082 839 5152 ego,
876 5083 941 5132 nec
964 5066 1053 5134 meis
1076 5065 1365 5143 successoribus,
1399 5086 1464 5135 nec
1487 5085 1572 5156 pars
1594 5069 1707 5136 nostri
1730 5069 2002 5158 archiepiscopii
2024 5089 2090 5158 per
2113 5071 2308 5160 quamlivet
2331 5093 2402 5140 mo-

547 5217 635 5285 dum
663 5221 728 5285 aut
750 5217 934 5304 ingenium
957 5218 1092 5306 aliquid
1115 5219 1248 5288 exinde
1270 5222 1410 5300 tollere,
1437 5225 1501 5289 aut
1523 5224 1702 5300 contram,
1715 5242 1779 5291 seu
1802 5241 1977 5292 minuare.
2001 5225 2068 5294 Sed
2090 5243 2231 5314 semper
2254 5229 2332 5314 ipsa
2347 5246 2403 5295 66-

547 5371 662 5438 clesia
685 5390 766 5439 cum
792 5372 877 5458 ipsis
901 5375 1006 5440 rebus
1028 5377 1066 5442 et
1089 5393 1171 5444 cum
1194 5378 1356 5445 omnibus
1377 5374 1635 5463 suprascriptis
1658 5375 1704 5444 ad
1726 5379 1827 5444 tuam
1851 5379 1887 5445 61
1909 5376 1953 5444 (16
1977 5378 2048 5446 tuis
2063 5379 2252 5449 heredibus
2274 5383 2322 5449 sit
2344 5399 2405 5466 po-

550 5527 716 5591 testatem
741 5525 1007 5596 hordinandum
1031 5532 1067 5597 et
1091 5530 1295 5599 iaciendum
1319 5529 1449 5598 exinde
1473 5529 1511 5598 in
1538 5529 1711 5598 iamdicta
1734 5531 1885 5608 ratione,
1902 5530 1995 5600 sicut
2016 5533 2312 5620 suprascriptum
2335 5538 2400 5602 est.

551 5675 650 5744 Etsi
675 5676 824 5745 forsitan
847 5679 1041 5766 aliquando
1064 5683 1225 5768 tempore
1250 5699 1339 5748 unus
1362 5683 1417 5748 vel
1443 5680 1580 5750 duobus
1604 5685 1661 5750 vel
1685 5683 1897 5770 plumascu
1919 5702 2041 5752 omnes
2064 5687 2199 5753 altares
2222 5665 2333 5774 ipsius
2347 5705 2403 5754 ec-

548 5829 658 5897 clesie
682 5829 940 5898 contaminatos
964 5831 1120 5910 fuerint,
1145 5835 1232 5901 tunc
1255 5851 1318 5901 nos
1340 5836 1378 5900 et
1400 5835 1539 5902 nostros
1564 5851 1802 5914 successores,
1827 5841 1864 5904 el
1888 5855 1972 5924 pars
1996 5839 2107 5905 nostri
2131 5838 2401 5926 archiepiscopii
