5398 7106
871 427 918 440 '⁵
976 479 1390 556 orrtonamcos
2005 467 2073 544 na

272 682 332 751 via
354 687 408 749 est
431 685 466 749 et
489 683 727 766 coniungente
752 681 789 747 in
813 679 1057 764 suprascripta
1080 677 1155 746 alia
1180 679 1265 753 bia,
1306 675 1388 743 inde
1413 673 1506 759 passi
1529 670 1739 756 octuaginta
1762 666 1939 755 quadtuor
1962 664 2008 732 ad
2030 663 2123 730 iusto

273 855 415 922 passum
440 835 577 902 homini
601 803 856 902 mensurarum.
894 832 986 920 quod
1009 830 1135 917 scripsi
1167 850 1233 916 ego
1264 833 1387 916 petrus
1412 827 1585 894 notarius.

317 989 346 1081 †,
369 993 443 1077 Ego
467 988 639 1058 ademarii
664 988 825 1056 notarius
848 1005 904 1054 me
927 985 1132 1070 subscripsi.

316 1141 343 1230 †
371 1145 444 1228 llgo
468 1143 640 1210 Iohannes
664 1140 825 1208 notarius
848 1157 904 1206 me
927 1136 1131 1222 subscripsi.

1018 1550 1350 1632 Monxvnr
1435 1669 1436 1673 Ν

1043 1764 1102 1838 Α.
1130 1763 1188 1838 n.
1217 1763 1341 1838 1052

324 1994 350 2084 †
379 1997 416 2062 ln
440 1996 581 2063 nomine
604 1997 737 2065 domini
760 1997 1090 2083 tricesimoquarto
1114 2013 1208 2064 anno
1231 1996 1453 2083 principatus
1476 1994 1601 2061 domni
1639 1995 1752 2060 nostri
1775 1993 1968 2078 guaimarii
1984 1993 2129 2078 gloriosi

283 2147 484 2235 principis,
511 2151 545 2215 et
568 2149 810 2216 tertiodecimo
837 2148 864 2232 ¹)
889 2167 982 2216 anno
1004 2148 1154 2216 ducatus
1177 2149 1253 2216 eius
1277 2151 1398 2216 amalfi
1421 2152 1458 2215 et
1484 2151 1626 2216 sirrenti
1648 2196 1656 2224 ,
1682 2150 1719 2214 et
1746 2147 1879 2214 decimo
1903 2149 1932 2228 ¹)
1956 2166 2050 2214 anno
2073 2166 2130 2215 su-

290 2302 570 2389 prascriptorum
594 2304 858 2390 principatuum
882 2307 918 2370 et
941 2304 1133 2371 ducatuum
1149 2303 1268 2370 domni
1285 2302 1405 2388 gisulfi
1426 2301 1492 2368 filii
1515 2301 1592 2368 eius
1615 2303 1739 2369 eximii
1767 2305 1939 2390 principis
1962 2306 1998 2368 et
2013 2302 2124 2380 ducis,

184 2537 190 2548 .
284 2475 405 2523 mense
428 2459 581 2542 magius,
608 2456 733 2543 quinta
756 2457 961 2525 indictione.
1003 2459 1093 2523 Ante
1117 2477 1173 2524 me
1195 2457 1331 2543 gizzum
1355 2457 1554 2525 castaldum
1581 2457 1772 2524 veniebant
1807 2458 1880 2525 risa
1902 2458 1996 2523 tilius
2020 2477 2129 2543 quon·

276 2610 369 2678 dam
395 2613 557 2679 iohannis
580 2615 614 2678 11
637 2591 755 2679 nicola
776 2613 869 2679 tilius
892 2611 1070 2699 quondam
1094 2612 1187 2698 petri
1211 2614 1247 2678 et
1271 2612 1391 2679 letitia
1415 2631 1507 2679 uxor
1529 2615 1607 2679 eius
1641 2614 1677 2679 et
1709 2609 1911 2679 benedictus
1935 2610 2027 2677 filius
2051 2629 2129 2696 pre-

286 2766 372 2832 dicti
400 2769 529 2834 nioolai
553 2787 632 2834 cum
657 2770 749 2834 bona
773 2768 988 2842 uxorema,
1029 2767 1090 2854 qui
1114 2786 1235 2833 omnes
1260 2767 1319 2834 isti
1344 2785 1381 2833 se
1406 2767 1651 2834 clarificabant
1676 2767 1839 2833 retinere
1877 2767 1945 2833 due
1968 2765 2065 2852 pecie
2087 2765 2130 2832 de

288 2919 395 2986 terris
419 2939 499 2986 cum
522 2916 631 2987 vineis
653 2923 689 2986 et
712 2940 861 2987 vacuum
889 2939 957 2986 uno
980 2919 1139 2985 leniente
1163 2935 1242 2986 cum
1267 2911 1456 2986 arboribus
1496 2918 1677 3004 pomiferis
1701 2919 1739 2985 11
1762 2920 1846 2985 loco
1869 2919 2030 2986 ortolano
2064 2919 2132 2986 tine

281 3073 505 3158 caputaquis,
531 3091 602 3138 una
626 3072 727 3157 peeia
752 3075 805 3138 est
828 3075 1030 3158 pertinente
1054 3071 1099 3139 ad
1123 3071 1323 3156 predictum
1348 3072 1421 3138 risu
1454 3091 1517 3157 per
1543 3075 1684 3138 brebem
1709 3071 1884 3158 partionis
1908 3091 1929 3138 a
1953 3090 2036 3158 pars
2059 3073 2132 3157 epi·
2234 3115 2239 3132 .

285 3226 402 3312 scopio
426 3229 585 3312 pestan03
612 3229 648 3291 et
671 3226 745 3293 alia
768 3226 869 3321 pecia
892 3227 946 3291 est
968 3224 1168 3310 pertinente
1193 3223 1301 3309 ipsius
1325 3181 1458 3292 nicolai
1482 3229 1519 3290 et
1543 3223 1726 3291 benedicti
1750 3224 1815 3290 filii
1839 3225 1894 3290 sui
1919 3223 2048 3290 iterum
2071 3243 2135 3310 per

285 3383 427 3448 brebem
451 3379 625 3466 partionis
649 3399 670 3446 a
694 3343 777 3465 pars
801 3375 957 3446 iamdicti
981 3377 1177 3464 episcopii;
1220 3379 1368 3445 namin
1397 3379 1499 3464 pecia
1524 3378 1675 3465 predicti
1714 3379 1854 3446 nicolai
1889 3383 1925 3445 et
1958 3379 2133 3448 benedicti

281 3536 468 3622 profitebat
491 3552 528 3600 se
552 3533 629 3619 ipsa
653 3533 836 3599 nominata
860 3532 975 3598 letitia
1000 3542 1035 3598 et
1061 3530 1190 3599 mulier
1214 3533 1356 3600 nomine
1381 3536 1472 3600 bona
1496 3533 1660 3619 quierat
1685 3553 1775 3602 uxor
1798 3535 1909 3620 ipsius
1940 3536 2128 3611 benedicti,

285 3687 401 3754 retine
426 3687 549 3754 inclite
572 3707 633 3754 suo
658 3691 786 3774 quarte
811 3688 847 3753 in
871 3687 972 3774 pecta
994 3689 1038 3754 de
1062 3687 1207 3753 illarum
1232 3688 1367 3754 viribus
1393 3688 1534 3754 abillis
1563 3688 1697 3754 tradite
1737 3688 1788 3754 eis
1812 3688 1884 3754 alie
1908 3688 2032 3756 diebus
2056 3687 2137 3754 illa-

279 3861 365 3907 rum
389 3842 622 3928 copulationis
646 3861 710 3927 per
725 3842 869 3908 illorum
893 3845 1114 3928 morgincap,
1142 3845 1185 3908 Et
1208 3844 1372 3908 omnibns
1396 3841 1538 3908 istiviri
1563 3842 1599 3906 et
1623 3841 1791 3908 mulieres
1815 3841 2006 3928 cupiebant
2029 3844 2131 3909 ambo

281 3997 363 4082 ipse
387 3996 486 4082 pecie
510 3997 727 4064 venumdare
751 3997 795 4063 ad
820 3997 968 4063 domnus
991 3995 1164 4062 iohannes
1188 3999 1297 4062 abbas
1322 4015 1386 4080 pro
1412 3995 1488 4061 vice
1511 3999 1548 4062 et
1578 4013 1663 4082 pars
1688 3997 1898 4064 monasterii
1937 3999 2059 4063 sancte
2082 4014 2137 4062 soa

282 4152 340 4228 tle,
367 4154 428 4239 qni
452 4154 693 4218 constructum
718 4153 771 4216 est
795 4150 891 4216 intus
915 4149 1098 4216 civitatem
1122 4152 1412 4218 salernitanam:
1450 4153 1486 4217 et
1510 4171 1570 4238 pro
1605 4170 1673 4237 quo
1703 4151 1787 4237 ipsis
1826 4152 1931 4217 rebus
1969 4151 2133 4236 tbignate

281 4308 389 4372 erant
412 4308 450 4370 in
473 4304 649 4391 episcopio
672 4307 830 4391 pestano;
857 4305 1002 4371 totidem
1027 4304 1215 4370 coadunati
1242 4306 1484 4390 perrexerunt
1499 4304 1596 4371 intus
1620 4307 1726 4390 caput
1750 4304 1854 4396 aquis
1878 4309 1962 4372 ante
1987 4303 2134 4390 vestigio

287 4460 415 4527 domni
433 4459 553 4526 Amati
577 4459 822 4545 venignissimi
846 4459 998 4545 presulis
1021 4459 1159 4544 prefate
1183 4457 1289 4533 sedis,
1317 4459 1357 4523 ut
1380 4457 1411 4524 si
1436 4456 1487 4524 eis
1512 4458 1701 4525 subbenire
1717 4459 1899 4536 voluisset,
1919 4457 2007 4543 ipsis
2031 4461 2136 4526 rebus

285 4619 514 4684 reservarent
537 4617 583 4684 ad
606 4634 706 4683 suam
730 4613 1011 4701 proprietatem,
1049 4609 1105 4677 sin
1128 4613 1248 4678 autem
1272 4612 1422 4680 licentia
1445 4616 1496 4680 eis
1520 4613 1623 4679 daret
1656 4663 1995 4681 ..........
2022 4611 2133 4699 ipsius

293 4771 410 4840 domni
435 4772 558 4838 abbati
581 4770 664 4836 illut
686 4767 864 4835 vindendi.
904 4767 970 4844 Qui
1005 4769 1079 4853 ipse
1102 4767 1265 4836 dominus
1288 4766 1448 4854 pontifex
1472 4767 1555 4834 dum
1580 4765 1724 4832 minime
1762 4767 1796 4832 ei
1820 4769 1984 4852 placente
2027 4769 2140 4833 rebus

283 4930 370 5016 ipsis
398 4929 600 4994 nullatenus
623 4928 709 4995 illut
731 4927 859 4994 tollere
884 4927 1020 5006 voluit,
1045 4931 1100 4995 set
1122 4927 1215 4994 sicut
1237 4946 1338 4995 suam
1362 4927 1483 4995 docuit
1505 4927 1716 5004 scientiam,
1757 4929 1938 4998 licentiam
1962 4931 2014 4999 eis
2042 4930 2140 4997 dedit

283 5081 394 5170 ipsius
420 5081 540 5148 domni
564 5080 685 5148 abbati
709 5081 792 5148 illut
818 5081 1058 5149 venumdandi
1081 5083 1187 5149 etiam
1212 5084 1249 5150 et
1271 5085 1364 5150 bona
1388 5102 1453 5151 sua
1481 5085 1671 5186 voluntate
1705 5083 1859 5152 interius
1892 5101 1929 5151 se
1953 5084 2026 5152 suis
2059 5103 2135 5151 ma-

281 5235 390 5303 nibus
413 5251 576 5302 rovorare
602 5233 775 5321 promisit.
807 5237 835 5301 A
859 5233 1022 5322 vestigiis
1044 5194 1241 5320 supradicti
1265 5235 1384 5303 domni
1408 5237 1560 5323 presulis
1585 5237 1804 5308 discedentes
1827 5237 1985 5325 predicte
2013 5236 2139 5304 mulie-

281 5405 342 5456 res
364 5406 421 5455 me
445 5407 574 5475 rogare
598 5391 769 5474 oeperunt
794 5389 880 5475 quia
902 5388 1070 5455 sortionis
1094 5391 1212 5456 nostre
1236 5389 1279 5456 de
1302 5391 1382 5476 ipsa
1406 5392 1513 5459 rebus
1541 5389 1747 5460 venundare
1773 5392 1949 5468 volumus,
1968 5391 2139 5458 habentes

310 5665 349 5756 .⁸)
372 5667 604 5728 Tertiodecimo
625 5685 707 5727 anno
729 5669 853 5726 tantum
875 5663 1021 5733 Sirrenti‚
1044 5661 1100 5722 sed
1122 5660 1361 5741 quartodecimo
1383 5660 1525 5721 Amalfis.

327 5779 356 5858 ¹)
379 5779 509 5840 Rectius
530 5779 625 5840 dehet
646 5778 775 5839 inscribi
796 5775 979 5838 undecimo.
