5452 7108
613 490 666 564 26-
1263 487 1438 560 cobnx
1469 489 1727 560 CAVENSIS

550 685 644 762 tula,
663 685 863 753 faciendum
880 684 962 750 inde
986 702 1125 770 semper
1148 685 1226 771 ipsa
1248 703 1391 769 gemma
1414 686 1451 749 et
1474 684 1551 750 eius
1574 684 1696 750 eredes
1718 684 1839 751 omnia
1862 684 2025 770 voluerit,
2049 687 2183 771 absque
2209 684 2410 752 contrarie-

550 842 661 908 tatem
688 839 798 926 ipsius
821 837 913 926 petri
938 837 1129 926 presbiteri
1152 838 1246 905 etde
1262 837 1361 906 illius
1384 836 1520 914 eredes,
1539 840 1595 904 vel
1611 838 1778 926 cuiquam
1801 838 1989 916 ominibus,
2015 841 2078 917 et,
2113 839 2207 906 sicut
2230 839 2406 909 intereos

552 992 746 1071 convenit,
772 992 847 1080 ipse
870 995 994 1080 petrus
1019 991 1196 1080 presbiter
1218 991 1351 1077 guadia
1375 991 1487 1078 ipsius
1510 1013 1653 1080 gemma
1675 995 1799 1072 dedit,
1825 996 1862 1062 et
1884 995 2115 1062 fideiuxorem
2138 993 2173 1060 ei
2196 993 2314 1081 posuit
2337 1015 2411 1062 ma-

549 1147 664 1214 delmo
687 1146 799 1242 fllium
824 1146 1003 1234 quondam
1028 1145 1188 1214 ademari
1212 1147 1375 1224 castaldi3
1398 1149 1435 1213 et
1458 1147 1535 1235 ipsa
1559 1167 1701 1235 gemma
1724 1148 1802 1235 ipsa
1824 1148 1959 1234 guadia
1981 1147 2113 1235 recepi,
2138 1149 2175 1214 et
2197 1147 2276 1235 ipsa
2298 1147 2411 1216 tradi-

550 1301 683 1368 tionem
707 1321 771 1388 per
795 1302 982 1368 voluntate
1005 1301 1157 1389 predicti
1180 1301 1361 1388 meringni
1385 1303 1508 1370 clerici
1531 1301 1597 1370 filii
1620 1303 1722 1380 eius3
1763 1304 1799 1368 et
1821 1321 1885 1388 per
1907 1301 1986 1388 ipsa
2008 1300 2142 1388 guadia
2164 1300 2345 1388 obligavit
2365 1318 2403 1367 se

549 1457 624 1544 ipse
647 1461 769 1544 petrus
793 1457 970 1544 presbiter
993 1460 1030 1524 et
1053 1477 1135 1525 suos
1158 1457 1282 1526 eredes
1305 1477 1445 1545 semper
1470 1458 1657 1525 defensare
1681 1456 1791 1544 ipsius
1813 1475 1952 1542 gemme
1976 1458 2012 1522 et
2027 1455 2072 1524 ad
2096 1456 2172 1524 eius
2188 1456 2311 1524 eredes
2326 1475 2412 1524 cun-

548 1616 609 1680 cta
632 1613 877 1700 suprascripta
901 1613 1097 1682 traditione
1121 1617 1166 1682 ab
1188 1613 1351 1680 omnibus
1374 1612 1553 1680 ominibus
1576 1613 1613 1676 et
1635 1609 1820 1696 partibus,
1856 1629 1896 1676 eo
1919 1609 2071 1689 ordine,
2104 1613 2144 1677 ut
2167 1611 2307 1697 quando
2330 1611 2410 1698 ipsa

549 1785 691 1853 gemma
715 1767 772 1832 vel
794 1767 871 1833 eius
894 1767 1021 1834 eredes
1044 1787 1109 1853 per
1132 1785 1169 1833 se
1191 1766 1473 1853 suprascriptam
1497 1765 1754 1842 traditionem,
1791 1766 1847 1831 vel
1872 1764 2001 1832 exinde
2025 1765 2215 1832 defendere
2238 1766 2405 1844 noluerit,

548 1922 761 2007 potestatem
785 1923 892 1988 abere
916 1941 982 2008 per
1005 1941 1043 1988 se
1059 1921 1142 1988 illut
1156 1920 1357 1996 defendere,
1376 1917 1532 2008 qualiter
1555 1918 1720 1995 voluerit,
1740 1937 1820 1984 cum
1845 1919 1951 2004 quale
1975 1918 2158 1986 munimen
2181 1923 2218 1986 et
2233 1921 2408 1990 rationem

549 2075 718 2154 voluerit;
736 2094 833 2152 nam,
852 2075 996 2162 quando
1022 2074 1137 2162 ipsum
1159 2076 1299 2159 petrum
1323 2072 1512 2160 presbiter,
1531 2075 1588 2139 vel
1612 2074 1688 2140 eius
1711 2073 1847 2150 eredes,
1866 2073 1909 2140 de
1925 2075 2170 2176 suprascripta
2197 2075 2409 2145 tradictione

548 2230 605 2296 vel
629 2228 759 2296 exinde
783 2230 947 2294 auctores
972 2230 1104 2294 havere
1129 2228 1295 2302 voluerit,
1322 2228 1462 2314 quando
1486 2227 1560 2294 illis
1584 2228 1666 2295 inde
1689 2231 1791 2296 surta
1814 2229 1960 2306 suerint,
1986 2230 2164 2317 plicarent
2185 2249 2223 2296 se
2246 2233 2283 2297 et
2305 2231 2410 2300 daret

524 2394 672 2454 'eorum
695 2383 941 2471 suprascripta
964 2383 1107 2450 cartula
1130 2345 1258 2459 salba,
1292 2382 1469 2450 avendum
1493 2382 1596 2449 illam
1620 2402 1685 2468 per
1707 2401 1828 2450 omnes
1852 2345 1946 2449 bices
1970 2403 2081 2470 usque
2103 2383 2178 2450 dies
2201 2383 2405 2470 sexaginta,

546 2540 583 2604 et
607 2556 671 2624 per
692 2553 814 2603 omnes
837 2535 932 2602 vices
956 2535 1159 2602 defensaret
1183 2534 1260 2620 ipsa
1285 2534 1513 2602 traditionem
1540 2537 1650 2622 ipsius
1673 2554 1811 2622 gemme
1846 2538 1883 2602 et
1906 2535 1951 2602 ad
1974 2535 2050 2602 eius
2073 2536 2223 2614 eredes,
2263 2540 2300 2604 et
2330 2541 2409 2624 post

547 2693 721 2778 complete
745 2690 820 2778 ipse
844 2690 1038 2775 sexaginta
1060 2689 1136 2755 dies
1159 2688 1236 2774 ipsa
1260 2688 1399 2755 cartula
1423 2689 1539 2764 salba,
1565 2690 1671 2776 quale
1694 2689 1762 2757 illa
1784 2709 1907 2756 eorum
1930 2689 2091 2766 dederit,
2116 2692 2190 2757 tale
2215 2691 2319 2758 illam
2343 2711 2407 2778 per

546 2866 668 2914 omnes
692 2847 787 2913 vices
811 2845 996 2912 remittere
1021 2847 1060 2910 at
1082 2845 1257 2932 potestate
1272 2843 1430 2929 predicte
1454 2861 1594 2928 gemme
1617 2843 1719 2909 etde
1745 2843 1822 2909 eius
1846 2843 1982 2920 eredes,
1997 2844 2172 2911 avendum
2189 2844 2291 2912 illam
2308 2847 2404 2914 omni

545 3004 704 3087 tempore
728 2999 766 3066 in
790 2999 1036 3086 suprascripta
1059 2996 1211 3064 ratione.
1237 2998 1282 3062 Et
1304 2996 1346 3073 si,
1364 2996 1457 3062 sicut
1480 2997 1643 3083 superius
1666 2997 1813 3083 legitur,
1839 2999 1920 3084 ipse
1936 3000 2058 3084 petrus
2081 2999 2256 3086 presbiter
2279 3001 2406 3069 eteius

547 3153 671 3220 eredes
694 3151 808 3218 eidem
832 3169 972 3236 gemme
996 3150 1101 3219 etad
1125 3149 1225 3216 illius
1248 3149 1371 3215 eredes
1396 3167 1466 3216 non
1490 3147 1778 3234 adimpleverint,
1806 3151 1842 3216 et
1866 3148 2112 3237 suprascripta
2135 3151 2192 3216 vel
2215 3149 2340 3218 exinde
2352 3171 2409 3217 re-

544 3327 685 3376 movere
710 3310 773 3374 aut
797 3307 1042 3378 contradicere
1065 3305 1349 3393 presumserint,
1386 3323 1450 3390 per
1473 3305 1551 3391 ipsa
1574 3304 1703 3391 guadia
1725 3304 1903 3389 obligavit
1925 3323 1962 3370 se
1986 3304 2061 3391 ipse
2084 3308 2207 3391 petrus
2230 3307 2407 3392 presbiter

544 3465 584 3529 et
606 3479 686 3528 suos
709 3462 833 3528 eredes
856 3479 1067 3548 componere
1090 3459 1205 3526 eidem
1228 3479 1379 3544 gemme,
1405 3461 1442 3524 et
1464 3459 1510 3526 ad
1535 3459 1634 3526 illius
1660 3459 1795 3536 eredes,
1814 3459 1967 3546 triginta
1990 3460 2067 3527 auri
2090 3461 2220 3528 solidos
2244 3464 2407 3530 constan-

545 3615 654 3693 tines,
672 3618 721 3704 et,
739 3615 832 3682 sicut
847 3615 1012 3702 superius
1027 3614 1200 3700 scriptum
1215 3615 1281 3690 est,
1298 3613 1510 3699 adimplere:
1535 3613 1657 3680 omnia
1672 3613 1918 3700 suprascripta
1930 3613 1997 3680 feci
2013 3613 2091 3700 ipsa
2115 3634 2257 3700 gemma
2268 3635 2333 3703 per
2348 3637 2407 3684 vo-

544 3774 725 3840 luntatem
748 3771 901 3858 predicti
927 3769 1075 3856 mirigni
1097 3768 1170 3835 filio
1193 3787 1282 3846 suo,
1308 3767 1391 3834 illut
1415 3769 1507 3855 quod
1533 3771 1588 3835 est
1604 3769 1873 3856 'superpositum
1897 3767 1936 3836 in
1960 3768 2029 3838 ista
2052 3771 2194 3838 cartula
2217 3771 2313 3838 inter
2336 3771 2407 3839 vir-

543 3931 623 4015 guli
647 3881 683 3995 et
699 3926 846 4013 rugoli,
865 3924 956 4010 legit
978 3923 1196 4011 conplacuit.
1220 3925 1331 4000 Quam
1355 3925 1391 3989 te
1415 3921 1576 3989 ademari
1600 3922 1780 3991 notarium
1803 3925 1959 3992 scribere
1986 3927 2142 4013 precepi.

589 4083 616 4174 †
642 4086 716 4168 Ego
740 4081 801 4170 qui
825 4099 937 4168 supra
960 4078 1117 4147 ademari
1142 4078 1263 4145 iudex.

1321 4499 1611 4579 MLXXIII

1206 4701 1219 4728 ·
1325 4777 1384 4852 A.
1412 4776 1469 4851 D.
1498 4775 1624 4852 1047

585 4976 612 5067 †
637 4979 676 5044 In
700 4977 842 5044 nomine
857 4976 991 5044 domini
1016 4976 1181 5043 vicesimo
1201 4975 1228 5058 ¹)
1253 4978 1371 5045 banno
1388 4977 1611 5064 principatus
1634 4977 1753 5044 domni
1777 4978 1889 5046 nostri
1905 4979 2119 5064 guaimarii,
2145 4986 2182 5048 et
2199 5003 2291 5050 nono
2307 5001 2401 5054 anno

544 5129 769 5216 principatus
792 5131 868 5197 eins
892 5150 1004 5217 capue
1028 5134 1059 5214 ¹)
1075 5133 1111 5196 et
1134 5131 1283 5198 ducatus
1306 5133 1383 5200 eius
1406 5135 1530 5201 amalfi
1546 5139 1583 5201 et
1598 5137 1817 5210 surrentum,
1835 5137 1872 5200 et
1887 5133 2009 5222 quinto
2034 5155 2126 5203 anno
2143 5137 2404 5224 suprascripto-

542 5303 622 5349 rum
646 5281 868 5370 principatus
891 5288 927 5349 et
950 5284 1108 5370 ipsorum
1132 5285 1281 5353 ducatus
1304 5285 1422 5353 domni
1444 5286 1563 5372 gisulfi
1585 5286 1659 5353 filio
1676 5286 1765 5363 eius,
1785 5287 2022 5372 gloriosorum
2038 5287 2162 5355 eximii
2179 5287 2350 5376 principis
2366 5293 2403 5357 et

484 5633 488 5642 '
586 5626 1030 5706 biam:mmamonwa

582 5765 975 5852 &hwamma'
