5398 7106
1295 504 1467 578 tonnx
1504 505 1756 582 cavensis

1391 801 1721 885 MCCXVIII

1400 1013 1462 1091 A.
1492 1011 1551 1090 D.
1580 1013 1705 1092 1055

553 1277 557 1287 ·
645 1251 948 1337 Trummptum.

639 1405 758 1478 Abbas
782 1407 817 1474 S.
842 1403 993 1474 Maximi
1017 1423 1139 1474 coram
1163 1405 1355 1475 Romoaldo
1379 1405 1552 1474 advocato
1588 1405 1700 1493 ipsius
1724 1407 1906 1476 Ecclesiae
1941 1412 1978 1476 et
1999 1410 2210 1498 subscriptis
2241 1413 2387 1485 testibus
2410 1415 2453 1482 li-

594 1559 667 1626 tem
693 1558 875 1647 componit
898 1578 979 1628 cum
1002 1561 1128 1628 Mauro
1152 1559 1357 1628 atrianense
1381 1559 1479 1628 circa
1502 1559 1712 1630 divisionem
1737 1565 1912 1630 bonorum
1937 1563 2080 1632 deloco
2102 1565 2265 1634 Mairano
2288 1567 2382 1653 apud
2397 1567 2454 1634 Sa-

482 1795 484 1802 4
592 1709 749 1780 lernum.
775 1713 971 1784 Madcbnus
996 1713 1158 1782 notarius
1183 1714 1323 1781 brebem
1345 1712 1527 1782 exaravit.

646 1869 775 1934 resta.
802 1866 1030 1946 Ademarius‚
1057 1868 1222 1945 Allanus,
1248 1867 1449 1936 Adelfcrius
1472 1870 1510 1934 et
1532 1869 1671 1936 Petrus.

1376 2193 1660 2274 MCCXI'X

1217 2489 1227 2511 .
1351 2443 1414 2517 A.
1442 2443 1502 2518 D.
1533 2442 1657 2518 1056

635 2673 663 2765 †
688 2681 726 2744 ln
750 2675 893 2743 nomine
918 2675 1054 2743 domini
1080 2675 1194 2749 nostri
1213 2678 1314 2743 ihesu
1330 2675 1473 2742 christi.
1501 2675 1685 2743 tricesimo
1708 2676 1864 2763 septimo
1886 2693 1981 2742 anno
1992 2675 2217 2762 principatus
2241 2673 2360 2742 domni
2377 2675 2454 2762 pal-

589 2829 686 2907 delfi,
706 2833 743 2896 et
767 2849 859 2899 nono
883 2849 978 2898 anno
1003 2830 1230 2920 principatus
1254 2830 1376 2898 domni
1399 2826 1546 2898 landold
1561 2827 1632 2898 illio
1647 2831 1724 2898 eius
1747 2831 1914 2917 gloriosis
1937 2827 2170 2917 principibus,
2187 2828 2245 2896 die
2260 2828 2451 2903 dominico,

590 2987 722 3073 quarto
747 2985 805 3052 die
828 2987 949 3052 stante
972 3003 1094 3052 mense
1119 2985 1301 3061 ianuario,
1320 3003 1416 3052 nona
1442 2984 1650 3052 indictione.
1676 2983 1972 3052 Memoratorium
1996 2983 2094 3050 lactu
2118 3001 2211 3050 ame
2234 2984 2363 3068 angelo
2380 2982 2453 3050 lilio

590 3139 770 3226 quondam
793 3137 964 3225 stephani
988 3137 1150 3206 evitante
1174 3137 1218 3208 de
1240 3137 1370 3206 linibus
1394 3141 1513 3214 laneo,
1533 3138 1611 3204 loco
1634 3136 1696 3206 ubi
1720 3137 1859 3206 dicitur
1883 3099 2109 3224 puozanellu‚
2128 3135 2286 3224 qualiter
2309 3155 2455 3222 presen-

589 3293 643 3360 tia
666 3293 799 3378 aydulfi
823 3292 933 3362 iudici
957 3293 1058 3361 etde
1083 3293 1166 3361 aliis
1190 3293 1354 3368 testibus,
1380 3293 1667 3361 sicutconvenit
1689 3293 1785 3361 inter
1809 3311 1871 3360 me
1897 3297 1935 3360 et
1949 3291 2129 3379 gustabile
2144 3291 2256 3358 lilium
2272 3289 2454 3377 quondam
2565 3365 2568 3372 ,
2658 3345 2659 3352 ,

589 3447 754 3533 garolali‚
781 3450 817 3514 et
840 3443 926 3515 tnnc
951 3466 1014 3534 per
1036 3447 1161 3516 eadem
1185 3444 1454 3516 combenientia
1477 3446 1682 3515 voluntarie
1705 3464 1768 3515 sue
1783 3429 1934 3532 'guadia
1956 3445 2067 3513 michi
2090 3445 2189 3512 dedit
2211 3445 2287 3532 ipse
2310 3445 2374 3532 qni
2397 3463 2457 3512 su-

589 3619 656 3686 pra
679 3593 884 3688 gustabile,
911 3603 948 3668 et
972 3599 1178 3668 fideiussore
1203 3597 1295 3668 mihi
1318 3599 1438 3685 posuit
1461 3599 1653 3668 iohannem
1675 3600 1790 3668 filium
1815 3599 1994 3688 quondam
2018 3598 2187 3668 ursiciaci
2212 3599 2387 3668 avitatori
2411 3600 2458 3686 de

589 3754 659 3823 ista
681 3755 769 3823 lines
792 3755 836 3822 de
860 3757 965 3823 laneo
990 3755 1069 3822 loco
1094 3754 1155 3822 ubi
1178 3753 1312 3824 dicitur
1336 3753 1454 3821 airole
1476 3753 1543 3820 tali
1566 3753 1707 3830 tinore,
1748 3753 1921 3842 quatinus
1944 3752 2021 3838 ipse
2045 3752 2107 3838 qui
2129 3771 2240 3840 supra
2269 3754 2457 3839 gustabile

589 3911 700 3976 tollat
721 3913 758 3978 et
781 3911 888 3978 abeat
911 3908 978 3977 sibi
1002 3909 1209 3995 legitimam
1233 3927 1387 3978 uxorem
1412 3908 1457 3976 ad
1478 3924 1619 3994 semper
1644 3905 1820 3975 abendum
1845 3910 1959 3974 marla
1991 3925 2151 3975 sororem
2176 3927 2291 3974 meam
2315 3911 2353 3976 et
2379 3909 2458 3976 fllia

588 4061 830 4150 suprascripti
854 4065 1014 4148 genitori
1038 4061 1121 4130 mei:
1138 4064 1166 4130 si
1190 4079 1275 4130 vero
1299 4079 1337 4128 se
1361 4064 1510 4128 tornare
1533 4059 1691 4126 voluerit
1710 4111 1901 4127 ......
1925 4061 2044 4129 maria
2066 4079 2223 4128 sororem
2249 4080 2370 4130 meam
2387 4064 2458 4131 sibi

590 4217 718 4285 tollere
744 4216 903 4284 noluerit
927 4216 1129 4303 legitimam
1156 4233 1317 4293 uxorem,
1343 4213 1389 4282 ad
1412 4231 1552 4299 semper
1579 4261 1770 4282 ......
1797 4215 1837 4280 ut
1860 4212 1996 4281 dictum
2019 4215 2085 4291 est,
2112 4215 2382 4302 quinquaginta
2407 4217 2461 4284 vi-

588 4361 745 4440 rianteos
768 4367 898 4437 solidos
922 4387 1017 4455 pena
1040 4368 1155 4456 seipse
1180 4367 1243 4455 qui
1267 4386 1378 4454 supra
1401 4368 1580 4451 gustabile
1605 4369 1714 4435 michi
1739 4366 1801 4455 qui
1822 4385 1933 4453 supra
1943 4418 2177 4436 .......
2205 4369 2264 4436 vel
2289 4370 2337 4438 ad
2363 4373 2460 4439 meis

588 4524 779 4593 heredibus
802 4539 1015 4611 componere
1037 4523 1227 4610 obligavit
1253 4526 1290 4591 et
1313 4521 1478 4609 predicta
1501 4521 1618 4590 maria
1640 4539 1795 4590 sororem
1821 4540 1938 4591 meam
1962 4521 2030 4591 sibi
2053 4543 2118 4610 per
2134 4524 2259 4592 inbitis
2283 4527 2399 4594 tollat
2423 4530 2463 4596 et

588 4681 695 4746 abeat
744 4727 2062 4748 ........................
2107 4677 2141 4745 ei
2169 4678 2304 4747 tradidi
2330 4681 2463 4769 legiti-

590 4851 686 4901 mam
711 4851 859 4901 uxorem
884 4831 931 4901 ad
955 4849 1098 4920 semper
1122 4831 1297 4900 abendam
1327 4881 1486 4900 .....
1527 4831 1624 4899 iusta
1647 4831 1767 4918 legem
1793 4831 1913 4919 recepi
1937 4837 2089 4902 anulum
2113 4835 2331 4904 constantini
2356 4837 2463 4906 inter

589 4989 690 5057 nobis
743 5037 1524 5056 ..............
1532 5007 1536 5016 ·
1576 5035 1882 5054 ......
1936 4987 2115 5073 gustabile
2138 4987 2309 5056 iamdicta
2332 4991 2463 5058 maria

587 5158 745 5210 sororem
770 5159 884 5208 meam
908 5141 977 5209 sibi
1002 5139 1168 5226 legitima
1192 5157 1341 5206 uxorem
1366 5137 1411 5205 ad
1434 5157 1574 5224 semper
1597 5137 1787 5214 abendam,
1817 5143 1857 5206 ut
1880 5139 2015 5208 dictum
2038 5143 2115 5217 est,
2144 5141 2319 5228 quatinus
2346 5162 2374 5211 a
2400 5145 2464 5212 die

588 5292 656 5363 illa
678 5297 716 5362 et
736 5313 876 5382 semper
899 5297 1105 5382 talemque
1129 5294 1247 5380 legem
1272 5295 1309 5361 et
1331 5290 1470 5364 iustitia
1493 5295 1626 5362 habeat
1648 5293 1725 5379 ipsa
1749 5289 1848 5362 dicta
1871 5312 2030 5361 sororem
2070 5313 2188 5363 meam
2213 5297 2306 5383 apud
2332 5302 2465 5386 ipsum

589 5443 652 5530 qui
675 5462 784 5531 supra
806 5445 1024 5531 gustabilem
1048 5443 1165 5512 virum
1188 5462 1305 5520 suum,
1323 5447 1411 5512 tunc
1435 5447 1543 5532 quale
1565 5445 1684 5531 legem
1707 5446 1744 5512 et
1771 5443 1959 5514 iustitiam
1975 5447 2093 5525 habet,
2111 5466 2182 5516 una
2204 5451 2241 5516 et
2255 5449 2331 5518 alia
2350 5457 2468 5538 parte

588 5595 694 5685 eique
717 5597 830 5666 sorori
854 5615 930 5665 mec
955 5597 1060 5665 uxori
1084 5615 1158 5673 sue,
1183 5615 1251 5685 que
1276 5599 1366 5665 bene
1391 5601 1428 5665 et
1450 5599 1595 5684 pacifice
1618 5599 1734 5688 adque
1751 5603 1925 5688 perlecta
1941 5601 2038 5670 vibet
2059 5601 2097 5670 in
2119 5621 2204 5672 casa
2225 5623 2306 5672 oum
2333 5607 2469 5677 virum

592 5767 708 5828 suurn,
733 5749 770 5816 et
792 5751 889 5817 colat
911 5767 992 5818 eam
1016 5748 1182 5817 exomni
1205 5751 1307 5835 parte
1331 5749 1423 5817 iusto
1447 5753 1535 5820 bono
1558 5751 1721 5832 hordine,
1746 5753 1957 5824 secundum
1979 5773 2079 5825 suam
2104 5757 2326 5844 potentiam,
2364 5761 2471 5829 sicut
