5454 7104
662 488 707 563 et
1316 491 1489 566 codex
1521 493 1786 565 cotoneis

612 685 782 760 storano,
810 684 868 752 ubi
891 703 1002 770 puozu
1026 685 1185 764 dicitur,
1226 707 1296 774 que
1322 689 1395 755 suit
1416 689 1528 776 ipsius
1549 688 1706 766 sesami,
1744 707 1851 775 quam
1876 687 2008 754 retinet
2031 691 2151 775 petrus
2186 687 2336 754 clericus
2358 686 2456 755 lilius

611 833 775 902 iohannis
799 837 938 914 franci,
971 841 1084 906 otest
1107 859 1171 926 per
1194 841 1280 909 fines
1305 845 1344 908 et
1366 861 1579 910 mensuras:
1604 863 1627 910 a
1649 845 1752 928 parte
1775 842 1968 910 occidentis
1992 845 2046 908 est
2066 842 2147 910 finis
2170 842 2325 910 medium
2351 842 2465 908 vallo-

610 1011 691 1059 nem
713 1010 777 1078 por
801 992 894 1078 quod
919 992 1015 1060 veris
1039 997 1199 1081 tempore
1222 997 1330 1074 fluit,
1369 1001 1406 1064 et
1428 999 1523 1085 passi
1547 998 1789 1086 quadraginta
1810 1003 1915 1066 octo:
1949 1017 1971 1066 a
1995 1001 2097 1086 parte
2130 997 2380 1088 septentrionis
2403 1002 2459 1064 est

610 1145 691 1214 linis
715 1145 831 1212 media
853 1164 954 1232 sepes
978 1151 1015 1214 et
1037 1149 1132 1235 passi
1156 1149 1287 1236 viginti
1312 1155 1449 1219 nouem:
1475 1175 1498 1221 a
1521 1157 1623 1240 parte
1646 1153 1794 1222 orientis
1817 1159 1901 1221 sunt
1923 1153 2017 1239 passi
2042 1152 2170 1240 viginti
2192 1155 2283 1221 octo:
2309 1172 2332 1220 a
2356 1155 2461 1240 parte

611 1301 773 1369 meridiei
795 1305 850 1370 est
871 1301 951 1368 linis
974 1302 1129 1370 medium
1158 1303 1270 1372 alium
1295 1307 1474 1374 vallonem
1498 1311 1534 1374 et
1549 1308 1643 1394 passi
1668 1309 1809 1394 viginti.
1836 1311 1880 1374 Et
1902 1307 2052 1374 adiunxi
2079 1306 2117 1374 in
2130 1306 2200 1374 ista
2221 1309 2316 1374 sorte
2331 1307 2463 1373 sortem

611 1476 633 1522 a
666 1467 769 1544 parte
794 1455 955 1522 nicridiei
981 1457 1023 1522 de
1047 1458 1152 1522 robus
1175 1456 1318 1524 illorum
1343 1459 1386 1528 de
1410 1460 1485 1526 loco
1511 1462 1683 1528 tusciano.
1702 1479 1770 1547 que
1794 1462 1848 1526 est
1870 1479 1934 1546 per
1955 1459 2042 1526 fines
2066 1461 2102 1524 et
2117 1475 2313 1524 mensuras:
2331 1457 2377 1524 ab
2392 1455 2469 1542 ipsa

610 1614 712 1697 parte
735 1611 897 1678 meridici
921 1615 975 1678 θεῖ
999 1612 1079 1679 linis
1102 1613 1177 1700 ipse
1204 1613 1331 1682 fluvius
1357 1615 1552 1684 tuscianus:
1579 1636 1601 1682 a
1624 1619 1726 1700 parte
1750 1613 1942 1682 occidentis
1964 1617 2049 1680 sunt
2072 1612 2166 1700 passi
2190 1615 2331 1679 centum
2356 1629 2463 1678 sexa-

506 1740 509 1746 *
608 1765 711 1852 ginta
733 1783 810 1831 sex:
835 1785 858 1830 a
881 1769 983 1850 parte
1006 1767 1271 1852 septemtrionis
1295 1771 1352 1835 θεῖ
1376 1769 1455 1836 linis
1478 1769 1581 1845 illud,
1600 1768 1691 1855 quod
1715 1769 1753 1835 in
1769 1768 1846 1854 ipsa
1869 1767 2144 1856 seeundalsorte
2159 1767 2376 1852 adiungente
2392 1770 2458 1844 est,

608 1923 645 1986 et
666 1921 750 1986 sunt
773 1936 795 1985 a
819 1919 969 1986 termine
991 1920 1053 2006 qui
1081 1921 1173 1988 fixus
1199 1925 1253 1988 est
1279 1922 1376 1988 inter
1400 1921 1489 1988 istut
1511 1925 1548 1988 ei
1571 1921 1693 1998 illud,
1729 1923 1821 2011 quod
1844 1921 1882 1988 in
1913 1920 1990 2008 ipsa
2013 1921 2169 1988 secunda
2203 1923 2298 1988 sorte
2334 1921 2465 1989 adiun-

608 2075 715 2160 gente
738 2075 792 2140 est
816 2091 925 2160 usque
948 2073 985 2140 in
1008 2094 1073 2141 ora
1097 2075 1140 2140 de
1165 2077 1236 2150 via,
1264 2095 1373 2162 quam
1398 2096 1618 2144 communem
1642 2077 1737 2144 inter
1761 2077 1856 2164 ipsas
1878 2079 2017 2144 sortes.
2042 2126 2047 2140 .
2070 2128 2105 2142 ..
2133 2076 2172 2143 in
2195 2095 2263 2163 quo
2287 2075 2466 2142 terminus

606 2229 698 2296 fixus
720 2231 785 2304 θεῖ,
811 2231 848 2294 θῖ
870 2231 923 2296 θεῖ
945 2229 1050 2305 drus,
1076 2229 1170 2316 passi
1199 2219 1341 2298 centum
1368 2231 1552 2298 duodecim
1575 2233 1717 2318 longius
1740 2234 1786 2299 ab
1801 2231 1952 2298 ecclesia
1974 2231 2090 2298 sancti
2114 2231 2177 2298 viti
2203 2232 2297 2318 passi
2314 2234 2458 2298 centum

607 2383 815 2470 nonaginta.
853 2385 1145 2474 thualiterab
1172 2385 1247 2470 ipso
1273 2385 1428 2452 termine
1452 2390 1588 2454 rectum
1613 2387 1712 2454 vadit
1736 2387 1906 2474 usquein
1930 2387 2081 2454 termine
2116 2385 2177 2474 qui
2199 2387 2292 2454 linus
2327 2389 2380 2452 est
2424 2385 2462 2452 in

607 2539 709 2624 parte
729 2537 876 2604 orientis
899 2539 994 2604 inter
1017 2539 1105 2607 istut
1127 2542 1164 2606 et
1180 2539 1283 2609 illud.
1299 2539 1392 2627 quod
1418 2540 1455 2604 in
1477 2539 1556 2625 ipsa
1571 2538 1726 2605 secunda
1748 2542 1843 2606 sorte
1866 2538 2083 2625 adiungente
2106 2545 2172 2618 θεῖ,
2198 2542 2243 2608 ab
2260 2539 2337 2626 ipsa
2353 2543 2464 2626 parte

497 2753 501 2758 .
605 2691 753 2760 orientis
775 2696 858 2760 sunt
881 2694 975 2780 passi
998 2665 1243 2780 septuaginta.
1271 2697 1315 2760 Et
1339 2693 1490 2762 adiunxi
1513 2695 1552 2762 in
1575 2693 1645 2762 ista
1668 2699 1762 2762 sorte
1785 2696 1828 2762 de
1852 2697 1957 2762 rebus
1980 2694 2124 2764 illorum
2158 2697 2201 2764 de
2224 2697 2346 2764 eodem
2385 2696 2461 2763 loco

606 2847 778 2916 tusciano.
804 2866 872 2933 que
895 2847 1057 2916 fecerunt
1080 2848 1157 2915 ursi
1181 2849 1369 2926 sculdais,
1395 2852 1532 2936 partem
1555 2870 1577 2916 a
1600 2853 1702 2935 parte
1725 2851 2012 2936 septemtrionis,
2053 2871 2121 2939 que
2145 2857 2199 2918 est
2221 2871 2285 2938 per
2309 2851 2400 2918 lines
2425 2853 2463 2917 et

606 3023 802 3071 mensuras:
827 3006 873 3071 ab
896 3004 974 3090 ipsa
997 3006 1100 3090 parte
1124 3005 1393 3091 septemtrionis
1416 3008 1471 3071 est
1493 3005 1585 3082 finis,
1603 3005 1695 3072 sicut
1718 3006 1958 3098 mediasepes
1982 3005 2164 3074 discernit:
2179 3008 2224 3073 ab
2247 3007 2388 3072 oriente
2404 3007 2460 3070 est

605 3156 685 3224 linis
708 3155 782 3242 ipse
806 3157 933 3224 fluvius
959 3156 1151 3234 tuscianus‚
1169 3160 1206 3224 et
1229 3175 1400 3226 mensura
1423 3157 1520 3223 intra
1543 3156 1639 3244 ipses
1663 3176 1719 3224 res
1742 3177 1805 3244 per
1821 3158 1983 3235 limitem,
2001 3157 2064 3244 qui
2087 3157 2137 3226 ibi
2161 3161 2226 3236 est,
2243 3157 2340 3244 passi
2359 3175 2463 3222 sexa-

605 3311 720 3398 ginta:
746 3330 768 3378 a
791 3315 893 3399 parte
920 3311 1079 3378 meridiei
1103 3312 1172 3378 flne
1195 3312 1270 3398 ipso
1296 3313 1403 3379 fluvio
1427 3315 1463 3379 et
1485 3311 1603 3390 illud,
1641 3313 1732 3400 quod
1755 3313 1793 3381 in
1816 3311 1894 3399 ipsa
1916 3313 2072 3380 secunda
2106 3315 2200 3380 sorte
2231 3313 2455 3399 adiungente

605 3470 672 3534 est:
697 3485 719 3533 a
742 3469 845 3552 parte
867 3466 1058 3533 occidentis
1081 3467 1152 3534 line
1177 3466 1236 3534 via
1251 3467 1396 3553 puplica
1419 3469 1456 3534 et
1478 3466 1572 3554 passi
1585 3469 1788 3556 sexaginta.
1815 3470 1859 3534 Et
1873 3467 2023 3535 adiunxi
2046 3468 2085 3536 in
2100 3468 2170 3536 ista
2185 3469 2281 3536 sorte
2296 3468 2339 3536 de
2356 3470 2464 3536 terro.

605 3621 747 3689 illorum
772 3641 854 3690 cum
879 3620 1008 3688 olibetu
1032 3623 1068 3687 et
1090 3641 1200 3688 vacuo
1237 3622 1280 3689 de
1300 3621 1427 3690 'eodem
1461 3622 1536 3689 locu
1560 3623 1720 3690 tusciano
1747 3625 1885 3709 partem
1923 3643 1946 3690 a
1969 3625 2071 3708 parte
2094 3621 2356 3708 septemtrionis
2390 3640 2460 3708 que

604 3780 658 3844 θεῖ
679 3797 743 3865 per
764 3779 851 3846 lines
874 3781 911 3844 et
933 3796 1136 3846 mensures:
1161 3781 1215 3845 Ab
1238 3777 1316 3862 ipsa
1340 3781 1442 3864 parte
1465 3778 1728 3863 septemtrionis
1751 3785 1805 3845 est
1826 3777 1906 3845 finis
1930 3776 2004 3863 ipse
2027 3775 2152 3843 fluvius
2176 3773 2357 3844 tuscianus
2385 3797 2393 3841 τ
2437 3794 2461 3842 a

582 3936 710 4019 ¹parte
732 3932 880 4000 orientis
903 3934 957 3999 θεῖ
978 3933 1056 4000 flnis
1081 3933 1155 4019 ipse
1181 3930 1310 3999 fluvius
1335 3934 1372 3999 et
1396 3949 1585 4008 mensura,
1612 3933 1785 4018 quantum
1808 3933 1888 4016 plus
1913 3933 2008 3997 recte
2031 3948 2139 4017 prope
2166 3929 2281 4016 ipsum
2305 3931 2452 3996 fluvium

605 4089 806 4158 mensurari
829 4093 988 4175 possunt,
1014 4090 1109 4175 passi
1134 4089 1263 4175 viginti
1287 4089 1369 4155 duo:
1395 4092 1432 4156 ct
1455 4106 1477 4154 a
1501 4091 1603 4172 parte
1627 4084 1786 4153 meridiei
1809 4085 1877 4150 llne
1902 4083 2002 4160 illud,
2020 4085 2112 4172 quod
2136 4084 2173 4151 in
2197 4083 2275 4170 ipsa
2297 4083 2456 4152 secunde

604 4247 698 4311 sorte
722 4244 939 4330 adiungente
963 4247 1030 4310 est:
1056 4262 1079 4310 a
1101 4247 1205 4330 parte
1228 4243 1424 4311 occidentis
1447 4243 1517 4309 line
1540 4261 1652 4328 aque,
1672 4260 1740 4328 que
1763 4240 1841 4308 lluit
1864 4240 1910 4308 ad
1933 4240 2067 4307 molina
2089 4259 2232 4316 eorum,
2259 4243 2295 4305 et
2318 4259 2462 4307 mensu-

605 4417 659 4472 ra,
684 4401 856 4484 quantum
881 4400 961 4485 plus
985 4400 1080 4464 recte
1103 4417 1213 4485 prope
1237 4397 1351 4484 ipsam
1379 4415 1509 4484 aquam
1533 4395 1728 4464 mensurari
1752 4397 1923 4482 possunt,
1949 4396 2043 4481 passi
2069 4395 2280 4481 nonaginta.
2314 4397 2367 4462 Ex
2384 4397 2457 4472 ‚hoc

604 4551 674 4620 feei
697 4571 772 4618 esse
795 4552 947 4639 primam
970 4553 1101 4619 sortem
1129 4572 1210 4619 cum
1234 4551 1312 4618 vice
1337 4553 1382 4619 de
1408 4551 1475 4618 viis
1498 4543 1584 4618 s'uis.
1625 4549 1825 4632 secundam,
1844 4552 1975 4618 sortem
1999 4550 2063 4616 feci
2088 4569 2152 4636 per
2175 4551 2261 4617 lines
2296 4553 2333 4616 et
2358 4568 2455 4618 men-

602 4703 715 4774 suras:
742 4709 787 4774 ab
810 4705 888 4792 ipsa
911 4709 1013 4792 parte
1036 4703 1303 4790 septemtrionis
1329 4708 1384 4772 est
1406 4703 1486 4770 linis
1510 4703 1587 4789 ipsa
1609 4702 1669 4768 via
1692 4702 1836 4788 puplica
1858 4703 1894 4768 et
1916 4721 1980 4787 per
2003 4701 2116 4788 ipsam
2133 4702 2228 4769 viam
2251 4699 2460 4768 mensurati

603 4861 705 4950 passi¹
720 4859 911 4946 sexaginta
933 4863 1081 4943 septem:
1099 4879 1121 4928 e
1145 4861 1248 4948 perte
1272 4857 1435 4943 orientis
1445 4857 1543 4945 passi
1559 4857 1688 4943 viginti
1713 4859 1797 4924 tres.
1824 4859 1869 4923 Et
1892 4856 2093 4923 revolvente
2110 4855 2305 4923 mensurati
2321 4855 2359 4922 in
2375 4855 2455 4941 ipsa

567 5107 572 5116 Ι
602 5019 704 5104 parte
727 5013 875 5084 orientis
897 5015 992 5102 passi
1015 5011 1256 5102 guadreginta
1282 5017 1370 5082 tres.
1398 5018 1442 5082 Et
1466 5015 1668 5082 revolvente
1692 5011 1729 5078 in
1753 5011 1832 5098 ipsa
1854 5013 1957 5112 parte
1979 5009 2242 5097 septemtrionis
2266 5028 2380 5096 usque
2400 5027 2461 5074 su-

602 5171 840 5258 prascriptam
862 5169 958 5238 viem
981 5171 1164 5258 puplicam
1187 5171 1283 5258 passi
1309 5169 1464 5256 triginta
1486 5169 1567 5236 duo.
1594 5169 1638 5233 Et
1660 5166 1790 5233 iterum
1816 5165 2019 5232 revolvente
2042 5183 2105 5252 per
2129 5162 2206 5248 ipsa
2230 5163 2289 5229 via
2311 5163 2349 5232 in
2372 5164 2451 5250 ipsa

601 5327 704 5412 parte
726 5323 873 5392 orientis
896 5323 990 5411 passi
1012 5323 1297 5412 quattuordecim
1328 5340 1439 5409 usque
1463 5320 1502 5388 in
1525 5319 1600 5387 alia
1623 5319 1694 5386 via.
1720 5322 1765 5386 Ei
1789 5321 1990 5386 revolvente
2015 5319 2052 5386 in
2075 5318 2153 5404 ipsa
2169 5321 2271 5405 parte
2287 5317 2455 5386 meridiei

602 5497 666 5566 per
689 5478 802 5565 ipsam
825 5477 946 5555 viam,
983 5479 1076 5566 passi
1101 5475 1304 5563 nonaginta
1328 5479 1475 5562 septem.
1517 5477 1562 5541 Et
1585 5475 1789 5542 revolvente
1823 5473 1861 5542 in
1883 5473 1962 5562 ipsa
1995 5476 2098 5560 parte
2120 5471 2312 5570 occidentis
2350 5471 2452 5558 passi

602 5633 767 5710 centum3
803 5634 840 5698 et
863 5632 1065 5700 revolvente
1088 5631 1127 5698 in
1151 5630 1230 5718 ipsa
1253 5633 1357 5718 parte
1383 5629 1546 5698 meridiei
1568 5629 1664 5717 passi
1686 5627 1878 5715 sexaginta
1900 5630 1985 5694 tres.
2022 5628 2067 5694 m
2090 5629 2292 5694 revolvente
2315 5626 2353 5694 in
2377 5627 2456 5714 ipsa

603 5789 713 5873 parte
736 5785 883 5854 orientis
906 5783 1000 5872 passi
1026 5784 1179 5870 triginta
1204 5787 1385 5871 quattuor.
1413 5785 1458 5852 Et
1481 5785 1684 5850 revolvente
1707 5783 1745 5850 in
1767 5781 1845 5868 ipsa
1867 5771 1970 5868 perte
1993 5781 2154 5850 meridiei
2177 5781 2271 5868 passi
2295 5781 2451 5868 quadra-
