5372 7106
971 451 1389 527 ulrlortlrlcus
2001 447 2069 529 301

261 647 396 718 tollere
418 667 464 718 ex
489 665 534 716 ea
555 645 671 717 omnis
693 645 894 735 lignamina
916 647 953 714 et
974 645 1067 715 alias
1089 665 1147 714 res
1169 662 1318 734 eorum,
1344 649 1381 716 et
1402 646 1457 715 ire
1481 646 1542 717 ubi
1566 645 1756 728 boluerint;
1787 649 1825 716 et
1846 647 1886 716 in
1908 649 2017 718 antea
2040 647 2121 717 nul·

260 801 340 870 lum
364 819 535 881 censum,
560 801 652 890 quod
676 800 956 889 suprascriptum
979 800 1056 880 est,
1096 797 1181 887 ipsis
1203 801 1311 869 matri
1335 801 1373 868 et
1407 799 1492 868 filiis
1514 801 1552 868 et
1574 799 1718 869 illorum
1742 799 1960 881 heredibus,
1986 801 2121 872 autad

259 954 409 1023 missum
431 973 555 1024 eorum
578 954 676 1023 dent.
699 955 745 1022 Et
765 972 827 1041 per
850 951 1099 1022 convenientia
1121 951 1197 1040 ipse
1220 951 1392 1022 iohannes
1408 951 1579 1040 guadiam
1601 952 1713 1022 michi
1735 972 1801 1041 000
1827 957 1933 1042 00010
1955 955 2114 1043 ipsorum

263 1110 393 1180 matris
416 1111 453 1178 et
474 1109 540 1178 lilii
562 1109 669 1187 dedit,
692 1111 730 1178 et
751 1107 991 1178 fideiussorem
1013 1103 1120 1175 michi
1144 1125 1207 1194 pro
1230 1065 1353 1175 eorum
1376 1108 1480 1193 parte
1503 1105 1621 1194 posuit
1643 1106 1810 1196 seipsum.
1839 1109 1884 1176 nt
1907 1127 1972 1197 per
2003 1108 2119 1196 ipsam

256 1265 430 1351 guadiam
452 1263 627 1352 obligavit
648 1281 686 1332 se
711 1263 749 1330 et
769 1277 851 1330 suos
872 1257 1022 1329 heredes
1044 1258 1241 1348 adimplere
1264 1259 1351 1346 ipsis
1374 1259 1484 1328 matri
1505 1262 1544 1329 01
1575 1259 1673 1336 filiis,
1698 1263 1736 1329 et
1757 1261 1906 1332 illorum
1929 1263 2118 1332 heredibus

253 1436 369 1508 usque
391 1421 589 1506 completos
612 1419 706 1507 ipsos
729 1435 852 1496 annos,
877 1416 908 1484 si
930 1413 976 1484 ad
999 1413 1247 1484 fabricandum
1269 1432 1340 1484 non
1362 1413 1539 1495 venerint,
1564 1419 1606 1484 ut
1629 1416 1913 1506 suprascriptum
1936 1419 2016 1498 est,
2040 1437 2117 1488 om·

255 1575 320 1643 nia
342 1573 505 1660 qualiter
527 1591 639 1661 supra
661 1572 812 1660 legitur.
838 1569 1020 1658 completis
1042 1569 1129 1661 ipsis
1152 1569 1269 1650 annis,
1294 1569 1352 1649 si,
1378 1587 1490 1658 usque
1513 1571 1705 1659 completos
1735 1570 1830 1658 ipsos
1853 1590 1973 1651 annos,
1999 1571 2114 1660 ipsam

264 1726 495 1795 traditionem
518 1725 715 1805 tenuerint,
733 1722 915 1794 licentiam
937 1725 1096 1795 habeant
1117 1725 1180 1794 ille
1202 1720 1335 1793 eteius
1358 1723 1518 1803 heredes,
1536 1727 1573 1794 et
1588 1725 1644 1794 illi
1667 1723 1809 1814 quibus,
1830 1727 1871 1792 ut
1885 1723 2020 1796 dictum
2044 1730 2110 1804 est,

250 1879 302 1948 ad
335 1879 560 1950 residendum
583 1879 747 1950 dederint
770 1878 854 1949 inde
890 1877 1093 1948 disturbare
1121 1879 1198 1948 tcta
1234 1877 1346 1967 ipsam
1384 1897 1502 1948 casam
1524 1881 1561 1947 01
1584 1879 1711 1948 tollere
1750 1897 1796 1948 ex
1831 1899 1873 1948 ea
1896 1881 1974 1970 ipsa
1996 1882 2114 1968 ligna·

254 2035 393 2113 mina,
433 2038 470 2103 et
491 2053 610 2104 omnes
648 2037 740 2105 alias
763 2053 820 2104 res
842 2051 977 2112 eorum,
1001 2033 1039 2102 et
1058 2031 1179 2101 iacere
1200 2049 1247 2099 ex
1268 2029 1347 2110 eis,
1373 2029 1465 2119 quod
1488 2031 1690 2112 voluerint,
1715 2033 1753 2101 et
1779 2033 1857 2122 ipsa
1878 2036 1978 2102 terra
2002 2053 2114 2104 vacua

249 2189 367 2260 sitin
390 2190 567 2277 potestate
590 2187 747 2277 ipsorum
770 2186 896 2257 matris
921 2183 1071 2264 0111111,
1110 2185 1340 2255 etheredum
1364 2185 1535 2264 illorum,
1578 2187 1851 2274 quemamodum
1874 2188 1949 2266 eis,
1990 2191 2032 2256 ut
2053 2208 2113 2258 su-

260 2342 504 2431 prascriptum
527 2343 593 2418 est,
619 2340 786 2428 pertinet.
812 2341 858 2408 Et
878 2339 922 2416 si,
953 2337 1047 2406 siout
1067 2336 1231 2425 superius
1253 2335 1426 2424 scriptum
1449 2339 1515 2416 est,
1544 2337 1619 2426 ipse
1652 2339 1822 2408 iohannes
1847 2339 1985 2409 eteius
2008 2343 2115 2410 here·

255 2497 319 2566 des
341 2497 429 2584 ipsis
451 2491 556 2564 matri
581 2497 618 2564 et
639 2494 750 2574 tiliis,
776 2495 813 2562 et
835 2495 979 2562 illorum
1002 2493 1191 2563 heredibus
1213 2509 1285 2561 non
1308 2491 1610 2580 adimpleverint,
1650 2495 1687 2562 et
1717 2493 1965 2581 suprascripta
1989 2491 2043 2564 rel
2066 2513 2113 2565 ex

118 2677 120 2682 ¹
254 2649 307 2720 eis
332 2653 525 2738 quicquam
549 2667 732 2718 removere
755 2650 817 2718 aut
838 2645 1082 2718 contradicere
1104 2646 1409 2736 presumpserint,
1433 2665 1497 2735 000
1527 2646 1643 2734 ipsam
1665 2646 1838 2734 guadiam
1875 2647 2050 2736 obligarit

257 2806 296 2873 et
317 2821 400 2874 suos
422 2803 572 2874 heredes
595 2821 804 2891 componere
826 2801 913 2890 ipsis
935 2802 1045 2871 matri
1067 2803 1104 2870 01
1124 2801 1208 2880 filiis
1231 2802 1268 2869 et
1290 2803 1434 2871 illorum
1457 2801 1647 2871 heredibus
1686 2801 1837 2890 triginta
1872 2802 1953 2872 auri
1976 2801 2108 2873 solidos

250 2958 528 3038 constantines,
554 2963 591 3027 et
614 2957 709 3028 sicut
730 2956 894 3046 superius
916 2955 1089 3044 scriptum
1111 2958 1192 3036 est,
1218 2953 1424 3044 adimplere.
1465 2959 1502 3024 et
1524 2957 1649 3026 taliter
1670 2954 1797 3045 scripsi
1820 2975 1887 3044 ego
1910 2958 2113 3028 romoaldus

250 3083 428 3183 notarius.

307 3265 336 3356 †
358 3267 433 3354 Ego
456 3263 688 3353 truppoaldus
710 3263 871 3334 notarius
893 3281 950 3331 me
971 3261 1174 3348 subscripsi.

304 3419 333 3511 †
357 3423 433 3508 Ego
454 3421 625 3491 iohannes
648 3391 888 3490 notarius'me
910 3416 1113 3506 subscripsi.
1197 3455 1200 3462 .

988 3863 1373 3950 MGGXXXIII

1023 4114 1084 4189 A.
1110 4111 1169 4188 D.
1197 4110 1323 4190 1056

296 4374 385 4466 †ln
410 4373 553 4444 nomine
576 4373 711 4444 domini
736 4375 997 4465 quintodecimo
1035 4397 1127 4446 anno
1149 4379 1373 4467 principatus
1396 4379 1516 4448 domni
1548 4380 1661 4449 nostri
1685 4381 1806 4467 gisulfi
1840 4383 1987 4470 gloriosi
2012 4386 2109 4472 prin·

254 4531 373 4619 cipis,
400 4547 521 4599 mense
545 4533 749 4618 augustus,
775 4551 870 4600 nona
892 4531 1098 4602 indictione.
1123 4535 1198 4621 Ego
1222 4505 1403 4604 muscatus
1426 4535 1560 4604 domini
1597 4537 1718 4624 gratia
1740 4540 1916 4627 presbiter
1938 4543 1976 4607 et
1998 4541 2108 4608 abbas

250 4688 401 4756 ecclesie
424 4689 548 4756 sancte
571 4687 655 4755 sofle
678 4677 880 4774 pertinente
902 4687 1054 4755 ecclesia
1078 4690 1155 4774 ipsa
1178 4687 1221 4757 de
1244 4687 1367 4757 eredes
1390 4687 1537 4776 paldulss
1559 4689 1624 4758 fflii
1648 4689 1769 4760 domni
1798 4690 1991 4778 guaimarii
2009 4690 2107 4778 prin·

252 4841 360 4929 cipis,
385 4841 537 4909 ecclesia
559 4839 638 4927 ipsa
664 4855 728 4928 000
751 4837 1058 4917 combenientiam,
1090 4841 1175 4909 tunc
1199 4841 1320 4929 ibique
1342 4841 1482 4910 adesset
1503 4841 1620 4910 idonei
1644 4843 1779 4912 omines
1803 4863 1978 4912 unacum
2002 4843 2108 4912 adro

249 4997 418 5064 catonem
440 4992 597 5082 predicto
620 4993 794 5081 ecclesie,
826 4993 872 5062 ad
895 4993 1085 5061 tenendum
1109 4995 1146 5061 et
1167 4991 1399 5062 laborandum
1421 4993 1556 5064 tradidi
1593 4993 1686 5082 petri
1716 4995 1782 5064 filii
1806 4993 1939 5064 maioni
1961 4977 2006 5065 de
2028 4999 2106 5066 1000

251 5150 431 5216 montana
453 5147 725 5236 integre-terris
748 5167 885 5226 vacue,
911 5165 979 5234 que
1001 5145 1080 5233 ipsa
1103 5145 1254 5214 ecclesia
1292 5147 1377 5214 abet
1413 5145 1453 5213 in
1476 5145 1598 5215 eodem
1636 5149 1713 5216 1000
1735 5151 1907 5218 montana
1945 5169 1969 5217 a
1991 5150 2106 5220 medio

249 5300 351 5371 ribus
389 5303 608 5390 anguillario
645 5303 683 5371 in
724 5304 827 5390 parte
864 5301 1011 5371 orientis
1049 5305 1221 5390 quantum
1260 5300 1391 5369 ibidem
1429 5299 1620 5369 coniuncta
1650 5301 1728 5389 ipsa
1757 5303 1910 5374 ecclesia
1931 5303 2103 5392 pertinet,

248 5445 321 5526 tali
357 5455 483 5525 ordine
505 5453 590 5525 illut
612 5454 647 5524 ei
673 5453 850 5534 tradidit,
890 5456 931 5523 ut
952 5453 1102 5533 amodo,
1142 5456 1179 5522 et
1202 5472 1312 5541 usque
1342 5454 1420 5522 octo
1458 5454 1546 5522 anni
1583 5455 1778 5544 completi,
1818 5457 1930 5546 ipsius
1952 5458 2047 5545 petri
2069 5462 2107 5527 et

244 5612 296 5681 de
319 5611 421 5680 illius
444 5603 567 5679 eredes
591 5609 665 5680 sint
686 5609 872 5698 potestatis
905 5609 995 5678 illud
1015 5607 1250 5687 tenendum,
1291 5609 1390 5678 iobee
1427 5611 1465 5677 et
1485 5609 1599 5679 omnis
1637 5611 1782 5680 illorum
1806 5611 1977 5680 utilitatis
2001 5612 2106 5682 iuxta

252 5766 435 5834 rationem
457 5763 518 5834 ibi'
531 5763 689 5841 iaciant,
728 5766 766 5833 et
802 5781 867 5851 per
904 5761 1018 5871 omnis¹
1056 5780 1187 5830 annum
1227 5765 1310 5832 ahto
1332 5765 1506 5851 'tempore
1544 5765 1620 5834 tota
1656 5765 1735 5853 ipsa
1772 5765 1965 5834 traditione
2004 5768 2102 5836 labo·
