5452 7108
1027 532 1429 610 orrtoulrrous
1488 499 1492 508 ’
2085 541 2105 610 1

293 725 386 791 sicut
408 725 451 792 de
475 728 592 794 tantos
616 747 727 796 annos
750 729 848 796 locus
872 729 946 816 ipse
971 732 1154 808 meruerit,
1172 732 1315 799 abinde
1339 733 1377 799 in
1401 735 1508 800 antea
1531 751 1670 819 sempor
1695 751 1758 799 nos
1775 732 1832 798 vel
1849 735 1986 799 nostros
2002 734 2150 800 heredes

292 877 437 962 integra
460 879 538 966 ipsa
562 881 755 950 traditione
779 879 980 951 laboremus
1003 884 1046 951 de
1069 903 1176 970 super
1199 885 1301 952 etde
1324 887 1459 964 subter,
1485 888 1525 952 ut
1551 905 1691 971 semper
1714 886 1902 972 proficiant
1933 890 1969 953 et
2004 905 2074 954 non
2102 887 2156 952 di·
2239 921 2243 932 ·

293 1032 504 1115 spereant,e
544 1051 608 1117 per
630 1035 744 1101 onmis
768 1056 902 1104 annum
925 1039 1063 1105 salbum
1088 1037 1171 1106 illut
1194 1039 1375 1116 abeamus„
1402 1041 1438 1104 et
1461 1041 1671 1124 potestatem
1695 1043 1865 1108 abeamus
1888 1041 2023 1108 omines
2039 1042 2088 1108 ibi
2108 1043 2153 1108 ad

290 1182 525 1250 laborandum
548 1184 706 1262 mictere‚
733 1187 889 1272 qualiter
912 1190 1140 1257 boluerimus.
1168 1194 1212 1258 Et
1235 1191 1358 1258 amodo
1382 1195 1419 1258 et
1441 1211 1580 1279 semper
1605 1213 1668 1280 per
1699 1195 1814 1261 omnis
1840 1215 1974 1262 annum
2006 1215 2068 1263 nos
2093 1197 2153 1263 rel

293 1339 429 1403 nostros
453 1338 601 1406 heredes
624 1357 688 1425 per
722 1319 879 1426 tempore
911 1341 953 1407 de
986 1342 1163 1410 bindemie
1194 1345 1366 1412 faciamus
1394 1345 1485 1412 scire
1514 1346 1630 1433 ipsum
1661 1348 1809 1415 domnus
1841 1351 1950 1416 abbas
1982 1350 2038 1415 vel
2067 1369 2152 1436 pars

292 1489 450 1575 predicte
473 1493 633 1568 ecclesie,
649 1493 693 1558 Ut
716 1493 765 1560 ibi
789 1494 926 1580 dirigat
949 1496 1093 1564 missum
1117 1516 1220 1579 suurn
1243 1502 1279 1565 et
1302 1518 1365 1565 nos
1388 1499 1635 1586 assingnemus
1659 1501 1692 1566 ei
1709 1501 1786 1586 ipsa
1803 1502 2016 1570 tradictione
2032 1496 2149 1580 salba,

291 1641 383 1708 sicut
405 1647 589 1722 meruerit,
615 1648 724 1714 etsie
749 1648 849 1716 illam
873 1669 936 1717 nos
959 1650 1214 1719 bindemiemus
1238 1655 1320 1719 abto
1344 1659 1501 1740 tempore
1525 1655 1644 1740 ibique
1668 1655 1713 1721 ad
1737 1655 1984 1740 palmentum,
2018 1661 2055 1724 et
2077 1659 2153 1743 ipso

293 1799 413 1866 binum
436 1801 635 1868 dibidamus
647 1823 712 1888 per
727 1805 967 1873 medietatem:
986 1808 1060 1894 ipso
1076 1806 1222 1874 missum
1236 1809 1395 1872 nostrum
1409 1808 1513 1872 tollat
1536 1807 1617 1873 inde
1643 1807 1881 1884 medietatem,
1896 1812 1933 1873 et
1945 1827 2007 1876 nos
2020 1810 2151 1877 medic-

291 1958 413 2033 tatem,
427 1957 628 2024 faciendum
652 1978 715 2045 per
738 1963 859 2046 partes
883 1961 926 2028 de
949 1981 1014 2029 sua
1037 1965 1132 2030 sorte
1157 1964 1249 2049 quod
1273 1962 1464 2029 boluerint:
1478 1947 1678 2029 sortionem'
1694 1962 1804 2047 ipsius
1827 1963 1974 2030 ecclesie
1991 1983 2053 2030 nos
2070 1965 2154 2030 illut

291 2127 501 2195 reponamus
524 2111 564 2178 in
586 2132 745 2198 organea
769 2115 913 2182 illorum
938 2136 1044 2202 quam
1067 2116 1168 2184 nobis
1192 2117 1468 2208 assingaberint,
1484 2119 1520 2181 et
1543 2135 1606 2201 pror
1631 2133 1694 2180 nos
1720 2113 1796 2200 ipsa
1827 2134 1986 2200 organea
2009 2136 2150 2203 semper

287 2263 376 2329 flant
400 2265 491 2330 bona
513 2263 676 2332 conciata
699 2267 736 2331 et
758 2267 928 2344 studiata,
951 2272 987 2334 et
1010 2269 1108 2336 intus
1131 2269 1210 2356 ipsa
1233 2287 1317 2336 casa
1340 2268 1456 2354 posita
1478 2272 1515 2334 et
1545 2268 1621 2354 ipso
1654 2269 1776 2336 binum
1799 2272 1938 2338 salbum
1962 2272 2148 2338 faciamus,

287 2417 371 2484 dum
394 2418 478 2484 illut
500 2418 583 2485 inde
607 2420 735 2487 tulerit
757 2423 890 2507 absque
913 2422 1190 2507 degeneratione
1214 2424 1250 2486 et
1273 2420 1395 2505 ingnc,
1421 2423 1457 2486 et
1481 2419 1643 2506 quicquit
1666 2420 1715 2503 ibi
1743 2421 2049 2500 seminaberimus,
2075 2426 2151 2492 sibe

286 2573 317 2639 si
340 2572 555 2640 boluerimus
579 2573 724 2668 inpare
746 2576 1010 2661 septemtrionis
1033 2577 1071 2643 in
1094 2577 1217 2662 paduli
1242 2595 1310 2661 quc
1334 2577 1412 2660 ipsa
1434 2572 1585 2640 ecclesia
1609 2573 1659 2640 ibi
1684 2575 1779 2649 abet,
1804 2575 1981 2642 seminare
2006 2577 2080 2644 sibe
2096 2599 2153 2644 or-

286 2727 367 2790 tora
390 2725 508 2792 sacere
531 2726 760 2804 boluerimus,
774 2729 985 2812 potestatem
1008 2730 1189 2804 abeamus,
1212 2731 1249 2794 et
1272 2728 1315 2794 de
1339 2727 1417 2814 ipsa
1441 2727 1633 2795 traditione
1657 2730 1693 2793 et
1716 2727 1759 2794 de
1783 2727 1857 2814 ipse
1882 2729 2004 2814 paduli
2029 2727 2151 2794 denras

287 2875 370 2942 inde
397 2895 485 2962 pars
508 2876 623 2964 ipsius
647 2878 795 2945 ecclesie
819 2879 1029 2946 terraticum
1052 2880 1246 2946 secundum
1271 2881 1487 2946 consuetudo
1519 2879 1562 2947 de
1594 2881 1670 2966 ipso
1701 2881 1817 2947 locum
1848 2881 1968 2967 ibique
1992 2882 2035 2948 ad
2053 2883 2150 2955 aira;

287 3033 426 3095 tantum
452 3049 515 3117 per
539 3035 696 3118 tempore
720 3032 763 3098 de
786 3032 863 3098 aire
888 3033 1060 3100 faciamus
1083 3033 1175 3100 scire
1199 3033 1313 3119 ipsum
1338 3034 1486 3100 domnus
1509 3035 1619 3100 abbas
1643 3035 1700 3099 vel
1716 3051 1799 3119 pars
1815 3033 2147 3120 predicteecclesic,

288 3185 325 3248 ut
347 3182 399 3249 ibi
421 3183 558 3270 dirigat
581 3185 727 3251 missum
752 3185 898 3252 illorum
923 3205 987 3272 pro
1011 3185 1253 3270 recipiendum
1276 3186 1352 3272 ipso
1377 3186 1587 3253 terraticum
1611 3190 1647 3252 et
1673 3205 1813 3272 semper
1841 3185 1982 3271 quando
1998 3186 2153 3252 boluerit

283 3335 357 3422 ipse
380 3335 528 3403 domnus
552 3338 661 3402 abbas
685 3357 765 3404 cum
789 3339 899 3405 omini
923 3339 979 3406 sui
1002 3339 1053 3406 ibi
1077 3357 1240 3425 pergere,
1267 3341 1476 3424 potestatem
1506 3340 1638 3405 abeant
1670 3339 1801 3406 ibidem
1824 3358 1976 3426 pergere
2000 3359 2063 3426 pro
2098 3360 2153 3406 re-

283 3493 497 3580 quirendum
520 3493 598 3580 ipsa
622 3498 739 3572 rebuS,
755 3499 791 3562 et
814 3515 878 3582 per
901 3515 1022 3563 omnes
1045 3515 1179 3562 annum
1203 3514 1267 3580 por
1292 3493 1469 3570 bimlemie
1492 3495 1529 3558 et
1552 3512 1616 3578 per
1639 3492 1728 3568 aire,
1746 3493 1830 3560 dum
1845 3493 1895 3560 ibi
1919 3494 2062 3560 steterit
2077 3495 2153 3579 ipso

284 3647 428 3714 missum
452 3667 516 3735 pro
540 3649 783 3734 recipiendum
807 3649 881 3735 ipso
907 3649 1041 3726 binum,
1066 3653 1102 3714 et
1125 3647 1200 3733 ipso
1226 3648 1435 3715 terraticum
1460 3647 1542 3713 dum
1567 3645 1698 3713 ibidem
1727 3647 1869 3714 steterit
1901 3667 1965 3734 pro
1989 3648 2073 3714 illut
2099 3667 2153 3714 re-

283 3799 504 3885 cepiendum,
519 3803 564 3864 et.
578 3800 719 3885 quando
742 3800 817 3886 ipse
840 3799 989 3867 domnus
1012 3803 1122 3867 abbas
1145 3800 1276 3867 ibidem
1300 3800 1515 3886 perrexerit,
1531 3799 1687 3886 ruraliter
1710 3799 1878 3866 diximus.
1905 3819 1968 3867 nos
1991 3800 2063 3868 illis
2088 3822 2154 3868 nu.

283 3952 442 4030 triemus,
460 3954 553 4020 sicut
568 3952 741 4020 meruerit
762 3956 799 4019 et
822 3953 931 4020 fuerit
954 3956 1076 4020 nostra
1099 3955 1345 4040 possibilitate,
1368 3956 1404 4019 et
1427 3953 1558 4022 caballi
1581 3953 1636 4020 sui
1661 3957 1697 4020 11
1720 3954 1787 4040 ipsi
1810 3955 1941 4032 omini,
1968 3973 2037 4041 que
2070 3973 2151 4022 cum

282 4127 362 4174 eum
385 4107 600 4193 perrexerit,
618 4106 687 4193 ipsi
703 4107 836 4175 caballi
859 4107 1059 4175 nutriamus
1094 4107 1139 4174 ad
1175 4109 1316 4192 paleam
1345 4111 1381 4173 ot
1404 4105 1450 4174 ad
1472 4105 1631 4182 ordeum,
1664 4105 1758 4172 sicut
1789 4106 1989 4184 meruerit,
2027 4110 2064 4174 et
2086 4125 2151 4194 per

283 4261 398 4327 omnis
421 4280 555 4328 annum
579 4260 837 4347 palmentatica
857 4235 1068 4326 'etairateca
1091 4259 1136 4326 ad
1160 4261 1235 4345 ipso
1260 4261 1405 4327 missum
1421 4260 1544 4328 demus
1559 4259 1753 4326 seeundum
1770 4260 1986 4328 consuetudo
2008 4262 2053 4328 de
2069 4263 2145 4348 ipso

268 4408 415 4480 locum:
441 4415 594 4488 tantum,
613 4413 718 4497 quale
733 4414 890 4499 tempore
913 4414 959 4478 ab
982 4411 1050 4496 ipsi
1072 4413 1151 4478 octo
1175 4412 1261 4478 anai
1293 4411 1472 4498 completi,
1504 4412 1534 4478 si
1560 4432 1622 4480 nos
1649 4414 1707 4477 rel
1731 4416 1868 4480 nostros
1890 4415 2039 4482 heredes
2072 4416 2150 4502 ipsa

280 4566 496 4634 tradictione
520 4569 642 4632 tenere
665 4569 702 4632 et
724 4567 890 4634 laborare
913 4565 1151 4642 noluerimuS,
1179 4564 1305 4630 inclita
1336 4565 1414 4648 ipsa
1444 4563 1637 4631 traditione
1661 4567 1810 4650 operata
1825 4567 1862 4630 11
1883 4568 1996 4644 surta,
2023 4572 2060 4634 et
2084 4570 2144 4638 ubi

225 4789 226 4792 ,
284 4719 467 4796 meruerit,
492 4719 630 4787 clusum
654 4721 839 4787 arbustum
864 4722 993 4786 bonum
1017 4717 1246 4785 remictamns
1261 4716 1306 4782 ad
1323 4715 1467 4782 illorum
1491 4718 1677 4800 potestate,
1704 4735 1787 4803 pars
1811 4718 1969 4804 predicte
1992 4719 2143 4786 ecclesie

284 4893 365 4941 cum
389 4874 467 4960 ipsa
490 4893 574 4941 casa
596 4878 633 4941 et
655 4893 814 4959 organea
836 4872 915 4959 ipsa
937 4837 975 4938 11
997 4826 1217 4958 palmentum
1241 4873 1354 4936 totum
1378 4872 1507 4936 bonum
1530 4848 1623 4935 sicut
1647 4869 1843 4944 meruerit,
1880 4872 1918 4935 et
1945 4869 2059 4937 licead
2084 4889 2147 4938 nos

286 5027 368 5094 inde
392 5027 494 5094 exire
518 5046 598 5094 cum
621 5026 735 5094 omnis
758 5028 881 5093 nostra
904 5045 1025 5104 causa,
1051 5029 1088 5092 et
1109 5025 1284 5110 obligavit
1306 5043 1344 5092 se
1367 5023 1442 5110 ipse
1465 5021 1614 5090 domnus
1638 5025 1748 5090 abbas
1771 5026 1808 5090 et
1829 5042 2049 5091 successores
2065 5041 2147 5091 suos

283 5187 320 5248 et
334 5201 418 5269 pars
440 5181 600 5268 predicte
624 5181 771 5247 ecclesie
794 5197 934 5264 semper
956 5176 1146 5244 defendere
1170 5177 1270 5242 nobis
1294 5179 1331 5243 et
1354 5175 1399 5242 ad
1423 5175 1553 5242 nostris
1568 5175 1733 5243 eredibus
1748 5175 1892 5260 integra
1908 5175 1986 5261 ipsa
2009 5175 2141 5242 tradic-

280 5337 387 5412 tione,
399 5337 482 5402 dum
495 5335 579 5402 illut
590 5334 822 5408 tenuerimus,
837 5331 994 5418 qualiter
1008 5304 1178 5406 diximus,
1196 5330 1242 5396 da
1257 5330 1372 5396 omnis
1386 5329 1521 5396 omines
1536 5348 1616 5396 cum
1633 5328 1709 5396 bice
1725 5328 1768 5395 de
1785 5328 1844 5395 bia
1858 5347 1937 5398 sua.
1955 5331 2000 5395 Et
2011 5329 2146 5415 guadio

288 5490 387 5558 nobis
409 5489 484 5575 ipse
507 5489 654 5556 domnus
677 5489 787 5555 abbas
810 5485 908 5552 dedit
930 5489 967 5551 et
981 5483 1220 5552 fideiussorem
1236 5483 1335 5548 notris
1359 5483 1475 5568 posuit
1491 5481 1672 5550 maraldus
1688 5481 1839 5549 clericus
1854 5481 1947 5548 illius
1964 5481 2141 5566 quondam

290 5639 443 5727 iaquinti
466 5639 599 5716 comiti3
624 5642 660 5705 et
683 5658 747 5725 per
770 5638 848 5724 ipsa
871 5637 1005 5723 guadia
1026 5635 1201 5722 obligavit
1223 5654 1259 5701 se
1291 5635 1365 5719 ipse
1389 5634 1547 5702 domnus·
1567 5637 1676 5703 abbas
1700 5639 1736 5702 et
1763 5654 1981 5703 successores
2005 5653 2086 5702 suos
2110 5637 2147 5700 et
