5398 7106
611 485 682 569 lli
1270 483 1446 558 tODEX
1478 475 1736 553 utve-Nsls

561 695 718 758 at'meos
742 687 910 763 heredes,
938 684 1080 772 reliqua
1098 682 1298 750 'medietate‘
1318 681 1385 748 sibi
1409 680 1577 753 habeant,
1603 677 1691 742 etsi
1717 692 1787 742 non
1810 667 2024 738 convenerit
2039 665 2149 754 ipsius
2164 664 2304 732 sicardi
2328 681 2409 750 ger·

561 863 708 913 manum
732 861 849 910 meum
875 843 957 929 ipsa
980 843 1087 908 rebus
1100 831 1249 906 ‘mecum
1275 837 1455 911 lavorare,
1481 832 1576 900 sicut
1598 830 1733 898 dictum
1757 831 1839 903 est,
1865 846 1888 894 a
1910 827 2075 912 presente
2114 820 2238 888 retdad
2261 819 2350 886 mibi
2373 820 2412 885 et

505 1073 510 1088 ,
561 1000 620 1068 cui
643 1020 684 1068 oc
707 1001 883 1085 scriptum
909 997 949 1064 in
973 1015 1118 1064 manum
1143 992 1321 1082 paruerit,
1347 991 1413 1082 tuti
1438 989 1507 1076 ipsi
1529 988 1646 1064 solidi,
1672 982 1763 1074 quod
1787 1004 1853 1071 ego
1877 983 1911 1050 ei
1935 947 2035 1048 modo
2070 979 2241 1069 presliavi
2277 978 2321 1045 de
2345 975 2415 1044 tari

566 1157 659 1237 boni,
678 1156 776 1244 quali
793 1155 894 1222 modu
917 1171 984 1238 ego
1000 1151 1034 1218 ei
1050 1149 1131 1218 dedi
1147 1167 1219 1216 ana
1234 1149 1405 1234 quattuor
1428 1147 1572 1212 tarenos
1595 1163 1659 1230 per
1682 1138 1824 1218 solidos,
1839 1140 1875 1206 et
1889 1137 1932 1215 si,
1957 1136 2051 1203 sicut
2065 1133 2229 1220 superius
2244 1131 2415 1216 scriptum

568 1316 647 1388 est,
673 1315 748 1399 ipse
772 1308 938 1378 sicardus
961 1310 997 1374 et
1018 1291 1100 1374 suus
1122 1302 1271 1372 heredes
1295 1320 1364 1392 non
1389 1298 1660 1386 adimpleverint
1682 1296 1771 1365 mihi
1794 1299 1831 1362 et
1854 1294 1909 1362 oui
1927 1293 1993 1358 hoc
2015 1290 2187 1377 scriptum
2212 1289 2251 1352 in
2274 1303 2417 1352 manum

564 1471 734 1558 paruerit,
761 1471 798 1536 et
821 1466 953 1554 aliquit
975 1465 1019 1532 de
1043 1459 1298 1549 suprascriptis
1322 1455 1632 1531 contradixerint,
1661 1471 1726 1539 per
1749 1452 1861 1538 ipsam
1887 1444 2056 1534 guadiam
2080 1444 2254 1531 obligavit
2276 1459 2313 1508 se
2343 1441 2418 1527 ipse

565 1625 724 1692 sicardus
748 1625 783 1690 et
799 1639 880 1689 suos
903 1618 1053 1686 heredes
1076 1631 1286 1700 componere
1311 1611 1399 1677 mibi
1423 1612 1460 1675 et
1483 1611 1540 1674 cui
1566 1609 1634 1674 hoc
1658 1606 1831 1691 scriptum
1856 1603 1892 1669 in
1918 1620 2026 1668 manu
2043 1598 2216 1686 paruerit,
2234 1596 2410 1684 quinqua-

564 1761 667 1866 ginta
702 1778 781 1843 auri
817 1773 947 1842 solidos
986 1767 1231 1838 constantinus
1267 1768 1303 1832 et
1326 1762 1573 1850 suprascripta
1597 1757 1806 1843 adimplere.
1848 1755 1945 1833 Quod
1979 1753 2105 1840 scripsi
2141 1769 2206 1838 ego
2241 1749 2412 1816 iohannes

567 1931 741 2000 notarius.

609 2086 637 2177 †
661 2089 734 2170 Ego
758 2085 931 2150 iohannes
956 2077 1108 2146 clericus
1133 2078 1170 2142 et
1192 2073 1355 2142 notarius
1379 2071 1441 2158 qui
1465 2074 1502 2138 et
1524 2068 1733 2137 subscribsi.

612 2238 642 2329 †
663 2241 737 2322 Ego
760 2235 933 2302 iohannes
958 2230 1119 2299 notarius
1146 2247 1202 2294 me
1226 2224 1434 2310 subscripsi.

1287 2498 1717 2517 h——u———-

1364 2693 1665 2776 MCXCIX,

1355 2942 1413 3016 A.
1442 2939 1498 3014 D.
1528 2939 1654 3015 1054

613 3169 639 3259 †
664 3172 703 3236 ln
727 3169 868 3237 nomine
892 3169 1027 3238 domini
1052 3171 1296 3240 tertiodecimo
1320 3193 1414 3242 anno
1439 3175 1664 3262 principatus
1688 3175 1808 3242 domni
1832 3173 1941 3240 nostri
1972 3171 2092 3258 gisulfi
2115 3167 2261 3256 gloriosi
2285 3168 2416 3254 priuci-

569 3328 635 3412 pis,
662 3345 781 3393 mense
805 3325 954 3413 magio,
979 3327 1131 3413 septima
1154 3327 1349 3396 indictione
1399 3381 1645 3398 .....
1694 3329 1848 3398 clericus
1870 3329 1965 3396 filins
1990 3326 2169 3416 quondam
2194 3323 2268 3392 ursi
2291 3323 2425 3411 presbi-

569 3485 666 3560 teri,
704 3487 784 3550 ante
808 3483 999 3570 subscripti
1024 3486 1132 3551 testes
1156 3503 1220 3570 pro
1245 3487 1348 3572 parte
1372 3486 1501 3554 dumne
1526 3487 1708 3564 theodore,
1735 3505 1804 3574 que
1828 3485 1896 3552 fuit
1920 3504 2012 3552 uxor
2036 3483 2155 3550 domni
2190 3481 2337 3570 palduld
2360 3478 2423 3548 filii

569 3639 688 3708 domni
711 3639 892 3724 guaimari
914 3639 1087 3727 principis
1110 3643 1147 3707 et
1170 3640 1214 3708 de
1236 3640 1321 3708 filiis
1344 3661 1494 3721 eorum,
1520 3663 1584 3730 per
1622 3643 1870 3710 convenientia
1907 3641 1953 3708 ad
1983 3639 2175 3708 tenendum
2200 3642 2237 3704 et
2259 3638 2423 3704 laboran-

568 3793 652 3862 dum
675 3796 806 3863 tradidi
833 3795 967 3863 ricardi
990 3797 1033 3864 de
1056 3799 1133 3864 loco
1157 3797 1347 3865 tabellaria
1369 3797 1436 3865 lilii
1459 3799 1638 3886 quondam
1661 3799 1792 3866 maioni
1816 3797 1940 3865 inclite
1964 3795 2032 3862 due
2048 3795 2147 3882 pecie
2170 3794 2327 3861 deterre
2343 3811 2422 3858 cum

570 3953 714 4018 arbusto
738 3951 941 4036 pertinente
964 3951 1043 4038 ipsa
1067 3952 1211 4020 domine
1247 3972 1325 4020 mee
1358 3956 1394 4020 et
1419 3954 1462 4020 de
1487 3952 1556 4040 ipsi
1579 3953 1664 4022 filiis
1698 3953 1839 4020 deloco
1863 3951 2056 4017 tabellara.
2099 3949 2218 4016 Prima
2242 3948 2344 4034 peoia
2372 3953 2424 4014 est

570 4122 635 4190 per
658 4121 698 4170 eo
722 4105 801 4171 finis
824 4111 861 4172 et
884 4110 1064 4174 mensoria
1088 4108 1181 4175 iusto
1205 4125 1312 4194 passu
1337 4105 1490 4174 hominis
1515 4109 1736 4174 mensurata:
1763 4107 1805 4173 de
1829 4107 1951 4191 supter
1975 4103 2092 4190 capite
2117 4103 2209 4189 quod
2234 4107 2299 4168 est.
2354 4155 2360 4168 .
2412 4154 2418 4168 .

572 4280 666 4348 passi
691 4260 931 4347 quadraginta
954 4265 1044 4329 octo.
1071 4265 1125 4333 Ab
1148 4265 1347 4341 occidente,
1367 4265 1460 4331 siout
1484 4263 1620 4330 termiti
1636 4263 1710 4330 ficti
1733 4265 1828 4339 sunt,
1847 4261 1929 4328 inde
1952 4278 2016 4346 per
2032 4257 2216 4344 longitudo
2233 4261 2316 4325 sunt
2332 4260 2424 4343 passi

571 4417 710 4481 centum
737 4413 888 4498 triginta
911 4415 1116 4501 quadtuur.
1142 4416 1185 4482 de
1209 4435 1317 4502 super
1341 4421 1489 4503 aparte
1514 4437 1581 4503 que
1604 4419 1660 4483 est
1683 4371 1705 4484 a
1728 4435 1835 4501 super
1859 4435 1943 4502 pars
1966 4415 2161 4482 occidentis
2186 4419 2222 4481 et
2244 4415 2327 4483 inde
2354 4419 2424 4484 ter·

573 4568 746 4634 minatum
770 4571 836 4643 est,
862 4567 945 4634 inde
967 4570 1052 4634 sunt
1075 4567 1170 4654 passi
1195 4568 1326 4654 viginti
1353 4589 1460 4634 unum
1484 4572 1520 4634 et
1544 4571 1704 4637 cubitum
1730 4589 1866 4647 unum,
1907 4572 1943 4636 et
1967 4571 2105 4635 rectum
2129 4567 2364 4636 descendente
2389 4571 2426 4637 in

571 4727 674 4812 parte
699 4677 847 4790 meridie
871 4742 934 4809 per
957 4722 1103 4790 termini
1119 4723 1180 4809 qui
1206 4722 1254 4790 ibi
1279 4726 1374 4800 sunt,
1391 4701 1485 4789 ¹suut
1508 4719 1589 4790 iude
1613 4723 1708 4810 passi
1729 4723 1891 4800 sidecim,
1908 4726 1945 4790 et
1967 4721 2099 4790 abinde
2124 4723 2261 4789 rectum
2285 4726 2426 4791 abiente

572 4877 609 4944 in
633 4881 736 4963 parte
759 4877 909 4944 orientis
932 4878 969 4942 et
984 4877 1078 4962 passi
1104 4875 1235 4962 viginti
1259 4880 1351 4945 octo.
1377 4880 1423 4944 ab
1446 4877 1525 4963 ipsa
1548 4897 1632 4964 pars
1647 4877 1798 4946 orientis
1815 4880 1952 4944 rectum
1977 4876 2213 4944 descendente
2229 4878 2265 4942 et
2280 4877 2423 4945 coniun-

572 5023 680 5117 gent'e
703 5032 742 5098 in
765 5031 843 5116 ipsa
867 5031 986 5117 priore
1008 5031 1102 5108 dne,
1129 5029 1211 5098 inde
1234 5033 1319 5098 sunt
1342 5050 1406 5117 per
1431 5031 1619 5116 longitudo
1651 5029 1746 5117 passi
1769 5030 1967 5116 nonaginta
1989 5033 2080 5097 octo.
2119 5029 2200 5097 Alia
2238 5031 2340 5117 pecia
2378 5031 2425 5098 de

573 5188 672 5252 terra
696 5184 745 5251 ibi
769 5184 971 5272 propinquo
996 5203 1060 5272 per
1084 5205 1123 5252 ec
1147 5185 1227 5252 linis
1251 5187 1288 5252 et
1311 5187 1506 5264 mensuria;
1533 5187 1575 5254 ad
1591 5187 1852 5273 suprascriptos
1876 5205 1998 5273 passos
2023 5189 2246 5254 mensurata.
2273 5189 2421 5274 Aparte

575 5339 723 5408 meridie
746 5339 815 5406 due
839 5357 972 5427 suaque
995 5339 1137 5408 domine
1162 5358 1238 5406 mee
1274 5341 1377 5407 etde
1410 5339 1478 5426 ipsi
1509 5340 1575 5407 filii
1599 5344 1688 5418 eius,
1725 5342 1810 5407 sunt
1832 5339 1927 5426 passi
1963 5340 2227 5427 quinquaginta
2261 5343 2350 5408 trec.
2377 5343 2428 5408 Ab

574 5491 713 5559 oriente
736 5490 903 5558 similiter
926 5493 996 5559 fine
1019 5492 1130 5581 ipsius
1154 5493 1295 5561 domine
1327 5511 1404 5560 mee
1427 5497 1464 5560 et
1486 5493 1530 5560 de
1553 5493 1622 5582 ipsi
1647 5493 1712 5560 filii
1734 5493 1822 5570 eius,
1847 5495 1884 5561 et
1906 5493 2001 5580 passi
2026 5471 2292 5581 quinquaginta
2316 5497 2429 5583 quad-

575 5645 673 5734 tuom¹
694 5644 736 5712 de
760 5663 868 5733 super
890 5665 913 5713 a
935 5645 1190 5733 septemtrione
1213 5647 1382 5714 similiter
1404 5648 1474 5715 dne
1497 5649 1741 5734 suprascripte
1764 5648 1906 5715 domine
1930 5666 2007 5715 mee
2030 5649 2067 5715 et
2089 5647 2133 5716 de
2156 5648 2224 5735 ipsi
2247 5651 2313 5717 filii
2337 5653 2425 5728 eius,

577 5797 660 5866 inde
683 5798 778 5884 passi
803 5797 933 5886 'uiginti
960 5798 1029 5867 duo
1052 5803 1090 5868 et
1112 5802 1272 5869 cubitum
1297 5819 1421 5879 unum,
1447 5805 1483 5869 et
1506 5799 1635 5869 abinde
1660 5803 1797 5868 rectuin
1813 5773 2048 5870 descendente
2071 5801 2109 5869 iu
2132 5802 2211 5890 ipsa
2225 5805 2330 5892 parte
2355 5819 2426 5871 me:
