5398 7106
630 419 701 498 aab
1263 424 1444 500 conix
1488 424 1742 502 outnusis

584 617 713 682 statem
739 615 904 684 habeatis
929 617 1033 686 iilam
1056 637 1121 706 per
1144 637 1205 686 vos
1228 620 1431 696 defendere,
1450 619 1605 708 qualiter
1629 621 1817 689 volueritis
1840 642 1921 690 cum
1944 621 2106 692 omnibus
2129 620 2383 696 muniminibus
2399 621 2437 687 et

583 767 795 862 rationibus,
821 789 910 857 quas
933 770 1017 840 inde
1040 773 1224 840 ostendere
1248 773 1444 852 volueritis
1470 778 1506 842 et
1529 781 1572 852 si,
1598 775 1692 843 sicut
1714 776 1879 862 superius
1894 775 2069 862 scriptum
2086 777 2165 852 est„
2192 792 2254 842 nos
2276 772 2436 850 iamdicti

580 919 784 1006 berehardu
798 923 834 986 et
850 923 1023 990 iohannes
1038 925 1275 1012 suprascripti
1298 927 1464 1012 germani
1487 930 1524 994 et
1546 931 1678 996 nostris
1701 930 1894 998 heredibus
1917 930 1984 1001 tibi
2007 930 2245 1016 suprascripti
2268 947 2360 996 vassi
2386 931 2428 995 et

579 1069 625 1137 ad
649 1072 778 1139 vestris
802 1073 993 1142 heredibus
1017 1095 1088 1144 non
1111 1077 1437 1165 adimpleberimus,
1474 1083 1511 1146 et
1533 1081 1782 1168 suprascripta
1805 1083 1863 1148 vel
1887 1100 1933 1148 ex
1957 1082 2010 1152 eis
2033 1081 2227 1170 quicquam
2251 1083 2435 1150 remobere

578 1227 644 1290 aut
666 1225 914 1294 contradicere
951 1232 1250 1316 presunserimus,
1276 1253 1340 1320 per
1364 1235 1443 1322 ipsa
1466 1236 1602 1322 guadia
1624 1237 1827 1323 obligamus
1861 1255 1925 1304 nos
1963 1237 2122 1305 iamdicti
2161 1235 2362 1304 berenardu
2400 1239 2437 1302 et

579 1379 754 1447 iohannes
779 1380 942 1448 iamdicti
958 1387 1174 1468 germanici
1189 1385 1322 1454 nostris
1345 1387 1537 1456 heredibus
1560 1407 1772 1476 componere
1787 1389 1853 1456 tibi
1876 1389 2115 1476 suprascripti
2131 1393 2227 1456 vassi
2241 1391 2278 1455 et
2292 1387 2338 1456 ad
2361 1389 2433 1456 tuis

576 1530 743 1600 eredibus
769 1533 925 1620 triginta
948 1538 1030 1605 auri
1053 1539 1184 1607 solidos
1208 1542 1519 1610 constantinianos
1542 1551 1591 1619 et,
1616 1542 1710 1610 sicut
1739 1543 1904 1630 superius
1928 1543 2076 1630 legitur,
2103 1544 2361 1629 adimpleamus
2373 1559 2436 1610 nos

579 1686 617 1750 et
641 1687 774 1754 nostris
802 1687 995 1757 heredibus
1019 1691 1086 1758 tibi
1111 1693 1235 1780 tuique
1259 1693 1438 1762 eredibus.
1463 1698 1500 1761 et
1523 1698 1589 1762 hec
1613 1696 1734 1764 omnia
1756 1697 2004 1784 suprascripta
2027 1696 2174 1764 fecimus
2198 1715 2260 1763 nos
2274 1695 2437 1763 iamdicti

578 1840 745 1924 germani
762 1845 845 1908 ante
862 1845 1030 1911 bonorum
1052 1845 1231 1914 ominibus
1255 1851 1292 1915 et
1314 1849 1527 1936 subscriptis
1552 1852 1686 1927 testes,
1712 1851 1750 1915 et
1773 1853 1813 1916 ut
1836 1846 1978 1936 quando
2005 1851 2082 1938 ipse
2107 1853 2231 1918 bassus
2269 1851 2326 1916 vel
2348 1869 2429 1918 suos

572 1992 698 2060 eredes
723 1993 766 2060 de
789 1997 1038 2083 suprascripta
1061 2001 1186 2066 nostra
1209 2000 1399 2102 donatione
1423 2022 1487 2071 nos
1510 2005 1568 2070 vel
1591 2004 1724 2072 nostris
1762 2004 1931 2072 eredibus
1969 2006 2115 2071 autores
2152 2007 2190 2070 et
2223 1985 2429 2072 defensores

574 2148 684 2214 abere
708 2145 928 2235 quesierint,
955 2171 1020 2236 per
1044 2169 1166 2220 omnes
1190 2153 1286 2221 bices
1322 2155 1512 2224 remittant
1535 2160 1634 2230 nobis
1659 2157 1860 2244 nostrisque
1876 2156 2044 2225 eredibus
2068 2158 2144 2245 ipse
2174 2157 2437 2244 suprascripte-

572 2307 715 2371 cartule
739 2305 856 2383 salbe,
874 2307 983 2394 quale
1008 2325 1072 2394 per
1097 2327 1159 2376 nos
1183 2308 1217 2375 ei
1233 2309 1317 2377 date
1340 2309 1489 2386 fuerint,
1516 2310 1562 2378 ad
1587 2310 1790 2378 habendum
1827 2328 1890 2376 nos
1925 2309 2003 2395 ipse
2049 2310 2190 2376 cartule
2213 2327 2276 2394 per
2298 2328 2424 2378 omnes

574 2458 671 2526 bices
695 2459 821 2528 diebus
843 2439 1050 2546 sexaginta,
1076 2465 1113 2529 et
1135 2466 1259 2549 postac
1283 2464 1471 2551 completis
1495 2465 1583 2552 ipsis
1606 2465 1731 2531 diebus
1754 2464 1974 2549 sexaginta,
2015 2466 2096 2549 post
2117 2463 2225 2530 finem
2248 2465 2347 2531 facta
2369 2482 2439 2550 per

575 2631 699 2681 omnes
721 2633 875 2702 namque
899 2615 996 2682 bices
1021 2616 1096 2702 ipse
1119 2620 1261 2685 cartule
1278 2621 1376 2686 salbo
1400 2619 1513 2706 ipsius
1538 2617 1633 2686 vassi
1657 2622 1693 2686 et
1716 2619 1761 2685 ad
1786 2617 1861 2686 suis
1884 2616 2052 2684 eredibus
2065 2617 2233 2684 redamus
2256 2617 2301 2685 ad
2325 2618 2439 2684 ahen-

575 2767 661 2855 dum
685 2767 760 2834 illis
783 2769 859 2854 ipse
882 2729 1023 2836 cartule
1046 2787 1188 2858 semper
1212 2770 1251 2836 in
1273 2771 1520 2858 suprascripta
1545 2770 1698 2838 ratione.
1726 2771 1975 2837 berumtamen
1990 2767 2087 2835 inter
2110 2766 2437 2852 birguloslegitur:

575 2924 613 2990 et
636 2921 752 2989 maria
775 2925 887 2989 mater
903 2927 940 2990 et
955 2924 1034 2991 filii:
1052 2927 1089 2991 et
1111 2926 1350 3012 suprascripti
1375 2923 1570 2994 disturbati
1610 2922 1677 2992 duo
1716 2923 1853 3010 virguli
1876 2916 2041 3008 legitur:
2082 2923 2233 2990 fecimus
2257 2940 2321 2988 nos
2344 2921 2441 2989 iam-

575 3075 663 3143 dicti
685 3081 850 3162 germani
876 3081 960 3146 ante
982 3082 1157 3147 bonorum
1180 3079 1358 3147 ominibus
1381 3083 1418 3147 et
1432 3081 1645 3168 subscriptis
1670 3079 1832 3158 testibus,
1850 3084 1887 3148 et
1911 3081 1951 3145 ut
1974 3077 2119 3166 quando
2146 3081 2220 3163 ipse
2243 3080 2345 3146 basso
2373 3081 2438 3146 vel

573 3250 654 3326 suos
676 3231 801 3299 ere'des
824 3231 867 3298 de
883 3231 1134 3318 suprascripta
1149 3234 1274 3299 nostra
1298 3232 1490 3300 donatione
1515 3251 1578 3299 uos
1601 3233 1659 3298 vel
1683 3231 1815 3298 nostris
1839 3231 2031 3325 heredes...
2059 3233 2100 3296 et
2119 3230 2246 3298 taliter
2266 3231 2439 3310 scribere

576 3385 784 3478 rogabimus
807 3387 843 3450 te
865 3385 1039 3454 iohannes
1061 3385 1238 3471 presbiter
1261 3389 1297 3453 et
1321 3385 1496 3453 notarius.
1522 3390 1643 3455 actum
1667 3386 1874 3456 tavellara..

618 3538 646 3631 †
670 3543 744 3626 Ego
767 3541 941 3609 iohannes
964 3541 1118 3609 clericus
1141 3546 1179 3608 et
1201 3539 1364 3609 notarius
1387 3559 1443 3609 me
1466 3541 1677 3630 subscripsi.
1806 3607 1808 3612 ,

578 3781 581 3786 ¹
617 3695 645 3788 †
668 3699 744 3783 Ego
767 3695 945 3764 iohannes
967 3696 1135 3764 clericus.

1647 3925 1705 3936 ι-ιι-

1339 4085 1644 4168 Mcexxss

1147 4217 1149 4221 ’
1351 4269 1411 4342 A.
1438 4265 1497 4340 n.
1525 4266 1650 4342 1056
1753 4223 1756 4229 ’

616 4506 644 4600 †
669 4509 708 4574 ln
731 4505 876 4574 nornine
899 4505 1033 4576 domini
1049 4503 1319 4592 quartodecimo
1341 4523 1437 4572 anno
1468 4502 1690 4590 principatus
1705 4501 1827 4568 domni
1850 4501 1964 4569 nostri
1987 4500 2147 4588 gisulphi
2162 4500 2313 4588 gloriosi
2332 4501 2446 4588 prin·

570 4662 674 4750 cipis,
699 4680 819 4730 mense
842 4662 1044 4739 februario,
1070 4679 1169 4728 nona
1189 4660 1398 4731 indictione.
1411 4661 1485 4745 Ego
1510 4657 1741 4746 truppoaldus
1764 4657 1915 4734 clericus
1937 4658 1974 4726 et
1996 4658 2107 4724 abbas
2130 4653 2281 4724 ecclesie
2305 4659 2446 4733 sancte

574 4819 688 4886 marie
711 4820 916 4904 pertinente
939 4815 1185 4902 suprascripto
1208 4815 1330 4917 domni
1353 4811 1511 4900 principi
1534 4813 1572 4878 et
1586 4810 1803 4897 degermani
1827 4810 1915 4886 eius,
1935 4829 2042 4897 quam
2058 4812 2095 4876 et
2118 4808 2320 4896 pertinente
2337 4809 2447 4890 dom·

573 4991 617 5038 no
640 4970 790 5057 guidoni
812 4968 991 5056 gloriosus
1029 4969 1104 5037 dux
1143 4970 1181 5036 et
1203 4967 1423 5036 deheredes
1446 4964 1568 5032 domni
1606 4951 1793 5052 pallulphr
1832 4961 2000 5049 germani
2035 4960 2276 5050 suprascripti
2310 4963 2451 5040 domni

572 5123 766 5212 guidonis,
800 5141 842 5190 eo
866 5123 960 5210 quod
983 5125 1068 5190 ante
1090 5119 1281 5207 subscripti
1306 5122 1415 5188 testes
1437 5137 1502 5206 per
1524 5117 1822 5186 combenientiam
1844 5115 1891 5186 ad
1915 5116 2109 5186 tenendum
2131 5119 2168 5184 et
2191 5115 2440 5189 residendum

572 5277 725 5346 tradidit
747 5277 859 5346 aliani
881 5276 1005 5344 clerici
1027 5275 1096 5344 filii
1119 5274 1298 5362 quondam
1320 5272 1498 5344 ademarii
1521 5271 1650 5340 inclita
1673 5274 1774 5342 terra
1796 5289 1878 5341 cum
1901 5287 1987 5346 casa
2009 5269 2145 5341 fabrita
2160 5271 2326 5338 solerata
2352 5290 2449 5340 cum

451 5431 456 5444 '
571 5451 681 5500 unum
706 5433 903 5508 astracum,
928 5431 1020 5518 qnod
1044 5449 1129 5518 pars
1153 5429 1264 5515 ipsius
1286 5429 1435 5496 ecclesie
1458 5429 1570 5496 habet
1592 5427 1691 5494 intus
1712 5428 1811 5495 ,hanc
1834 5423 2097 5500 salernitanam
2112 5422 2299 5490 civitatem
2327 5423 2443 5502 inter

572 5605 675 5655 muro
698 5587 736 5653 et
759 5584 934 5653 muricino
958 5584 1013 5654 Ad
1036 5582 1115 5671 ipsa
1137 5583 1329 5670 postcrola,
1354 5581 1448 5669 quod
1471 5601 1495 5650 a
1516 5582 1619 5667 parte
1643 5577 1793 5648 meridie
1814 5577 2008 5649 coniuncta
2044 5577 2099 5646 est
2124 5577 2170 5656 ad
2208 5593 2316 5649 muro
2355 5575 2452 5652 ulus

568 5735 741 5816 civitatis,
765 5741 803 5806 et
825 5741 880 5806 est
899 5755 966 5825 per
988 5738 1069 5805 finis
1091 5741 1129 5806 et
1152 5737 1335 5808 mensuris
1356 5736 1451 5806 iusto
1473 5735 1564 5824 pede
1587 5751 1734 5805 manum
1756 5731 1915 5810 hominis
1939 5735 2166 5812 mensurata,
2191 5729 2287 5818 quod
2311 5729 2366 5808 de
2393 5749 2449 5806 ex
