5218 7086
907 467 1315 544 uiptounrrcus
1512 480 1513 484 ’
1916 469 1982 540 251

183 661 295 726 totum
319 659 406 726 illud
429 659 497 727 sibi
523 649 666 736 abeant,
693 659 894 728 iaciendum
918 661 1003 728 inde
1026 661 1119 748 quod
1144 661 1335 729 boluerint.
1376 663 1529 728 Tantum
1552 679 1616 748 per
1637 659 1756 728 omnis
1780 677 1901 727 mense
1925 659 2037 746 usque

179 813 395 896 completum
420 811 536 896 ipsum
553 861 708 878 .....
726 811 772 878 61
796 830 880 898 pars
902 811 1061 898 predicte
1084 811 1232 879 ecclesie
1255 809 1323 879 isto
1347 830 1466 880 mense
1490 811 1621 896 magio,
1646 809 1718 878 dua
1741 810 1861 878 modia
1884 810 1928 877 de
1952 829 2038 897 gra·

181 981 267 1030 num
292 965 421 1030 bonum
443 1009 451 1038 ‚
476 965 512 1029 et
535 962 689 1030 medium
714 962 896 1040 modium,
925 963 1027 1030 etde
1050 963 1118 1031 1616
1143 982 1262 1032 mense
1285 962 1324 1030 in
1347 965 1454 1031 antea
1479 982 1588 1051 usque
1610 965 1686 1052 ipso
1709 965 1944 1030 constitutum
1970 981 2035 1050 per

182 1114 297 1182 omnis
320 1134 441 1184 mense
464 1135 536 1184 ana
562 1117 635 1183 1166
659 1116 836 1183 16611616
859 1135 1025 1202 granum,
1044 1117 1151 1203 quale
1168 1135 1232 1202 per
1247 1119 1318 1184 ista
1333 1117 1428 1184 cibes
1443 1134 1481 1184 66
1495 1115 1711 1184 bendiderit.
1737 1118 1857 1184 Talem
1881 1135 2036 1202 granum

177 1266 290 1335 deant
312 1267 351 1335 in
376 1287 460 1354 pars
483 1229 624 1336 exdicte
648 1269 796 1337 ecclesie
812 1270 916 1356 plene
940 1270 1026 1336 bene
1050 1270 1166 1337 culme
1189 1289 1254 1356 pro
1277 1269 1355 1355 ipsa
1378 1269 1550 1336 molitura
1581 1268 1626 1336 ad
1650 1269 1806 1336 modium
1830 1268 2034 1338 domnicum

177 1422 418 1508 plateaticum
443 1423 486 1490 16
510 1423 578 1490 1616
602 1424 710 1502 cibes,
736 1426 774 1490 et
795 1425 823 1490 si
846 1443 911 1510 pro
935 1425 1088 1509 ruptura
1112 1422 1223 1510 ipsius
1247 1422 1463 1498 arcaturiis,
1489 1421 1605 1507 ipsum
1629 1421 1762 1490 molino
1785 1439 1894 1508 opera
1918 1421 2037 1508 perdi-

178 1575 290 1654 derit,
315 1578 372 1643 161
395 1559 460 1662 pro
484 1578 592 1662 gente
615 1577 758 1663 puplica
782 1577 915 1662 quanto
939 1577 1098 1662 tempore
1121 1595 1230 1662 opera
1253 1575 1462 1662 perdiderit,
1479 1593 1543 1661 pro
1561 1573 1654 1642 ratio
1677 1594 1761 1660 pars
1786 1575 1899 1661 ipsius
1922 1579 2035 1645 eccle-

177 1727 233 1795 sie
258 1729 437 1816 imputent
459 1729 528 1796 sibi
551 1729 594 1798 de
617 1730 693 1816 ipso
716 1748 875 1815 organeo
900 1748 964 1814 per
980 1748 1085 1796 omne
1108 1747 1228 1796 mense
1251 1748 1315 1816 pro
1340 1729 1446 1805 ratio,
1462 1728 1556 1796 sicut
1578 1731 1711 1804 iustum
1735 1727 2034 1805 suerit..Tantum

187 1884 260 1968 ipse
285 1884 446 1950 61616666
470 1884 527 1948 161
551 1901 632 1950 6666
655 1883 779 1950 616166
803 1901 868 1968 per
891 1900 1013 1948 omnes
1037 1881 1146 1958 bices,
1173 1881 1315 1968 quando
1331 1881 1407 1967 ipso
1424 1883 1556 1948 molino
1579 1899 1689 1966 opera
1712 1880 1923 1966 perdiderit,
1940 1881 2035 1970 61661

185 2035 321 2102 dictum
346 2037 428 2146 661,
454 2035 609 2122 imputet
633 2035 809 2103 61111616
833 2054 943 2103 unam
967 2035 1073 2112 diem,
1101 2035 1207 2102 6116
1232 2039 1310 2121 ipsa
1333 2033 1390 2102 die
1414 2034 1522 2101 deant
1545 2033 1591 2100 ad
1615 2038 1699 2119 pars
1723 2034 1835 2121 ipsius
1858 2035 2028 2102 ecclesiae

187 2187 358 2256 molitura
382 2207 446 2273 pro
470 2188 623 2265 ratione,
648 2188 741 2256 siout
763 2189 897 2256 iustum
920 2188 1043 2264 fuerit,
1070 2189 1107 2254 et
1130 2189 1261 2256 cotidie
1284 2189 1459 2274 quantum
1484 2186 1681 2263 meruerit,
1714 2189 1750 2252 et
1773 2205 1857 2273 pars
1882 2187 2027 2255 exdicte

180 2337 332 2404 66616616
356 2337 524 2417 boluerit,
550 2341 587 2404 61
609 2339 660 2406 ibi
683 2359 837 2424 granum
862 2342 1022 2407 nostrum
1046 2338 1288 2406 direxerimus
1311 2357 1376 2424 pro
1393 2330 1665 2414 macenandum,
1684 2336 1822 2404 faciant
1845 2337 1935 2404 illud
1951 2355 2027 2404 ma-

177 2508 311 2557 6611616
336 2494 464 2558 bonum
489 2495 629 2559 tantum
652 2511 835 2578 granum,
877 2496 1048 2581 quantum
1074 2493 1174 2561 nobis
1211 2490 1375 2558 sufficiad
1398 2491 1442 2558 ad
1466 2493 1578 2558 totam
1613 2490 1756 2558 domum
1780 2491 1926 2566 nostra,
1953 2491 2031 2557 sine

178 2644 349 2712 molitura
372 2648 409 2711 et
431 2645 509 2713 sine
532 2645 746 2724 detinentia3
772 2648 809 2712 et
831 2645 862 2712 61
887 2645 1022 2712 redidit
1045 2663 1108 2712 suo
1144 2645 1330 2732 lignamen
1355 2646 1390 2710 et
1413 2643 1456 2710 de
1478 2663 1541 2711 suo
1565 2643 1771 2729 aspendium
1794 2641 1845 2710 ibi
1868 2643 2030 2722 fecerint,

179 2796 365 2864 licentiam
389 2799 521 2864 abeant
544 2817 566 2864 a
589 2799 804 2885 completum
826 2799 944 2884 ipsum
968 2816 1115 2885 annum,
1133 2797 1216 2864 inde
1238 2797 1342 2864 exire
1356 2817 1437 2864 cum
1460 2797 1582 2863 omnia
1604 2815 1728 2863 eorum
1751 2814 1872 2874 causa,
1892 2799 2027 2862 etcum

174 2952 290 3018 totum
315 2950 491 3018 edificium
516 2952 559 3019 de
583 2953 699 3040 ipsum
723 2952 906 3030 reditum,
933 2953 1026 3038 quod
1050 2950 1124 3018 11116
1146 2949 1198 3018 ibi
1221 2951 1396 3024 iecerint,
1430 2953 1466 3016 61
1496 2951 1684 3037 portarent
1709 2935 1800 3017 11161
1823 2951 1884 3017 ubi
1909 2951 2028 3018 bolue-

178 3105 266 3182 rint;
292 3109 329 3172 61
352 3105 480 3174 1661116
503 3105 582 3192 ipsa
605 3103 753 3174 traditio
776 3107 872 3174 iusta
896 3106 1072 3175 rationem
1096 3107 1198 3173 salba
1221 3109 1259 3173 et
1281 3082 1444 3172 conciata
1468 3125 1549 3190 cum
1573 3105 1665 3172 mole
1689 3108 1726 3172 et
1749 3103 1967 3183 terraturiis,
1993 3111 2031 3175 et

179 3276 260 3324 cum
285 3257 480 3334 arcaturia,
506 3256 662 3336 616666,
688 3277 756 3346 que
779 3259 898 3327 lacero
922 3277 1030 3345 super
1053 3259 1170 3345 ipsum
1195 3258 1389 3335 molinum,
1415 3261 1554 3326 etcum
1579 3257 1695 3326 omnis
1718 3277 1784 3327 sua
1806 3256 2025 3346 pertinentia

180 3411 293 3489 salba,
321 3411 365 3478 61
389 3411 552 3497 legitime
574 3412 691 3498 ipsum
714 3413 887 3481 molinum
911 3431 1102 3480 macenare
1126 3411 1266 3498 possad,
1292 3411 1485 3497 adsignent
1499 3411 1537 3478 in
1553 3429 1638 3498 pars
1660 3411 1773 3498 ipsius
1796 3413 1959 3480 ecclesie.
1979 3415 2025 3480 Et

176 3584 242 3651 per
265 3563 525 3634 combenientia
548 3566 682 3672 guadia
706 3565 815 3634 michi
838 3565 935 3634 dedit
957 3567 1033 3652 ipse
1067 3565 1228 3633 stefanus
1250 3566 1287 3630 61
1309 3563 1543 3631 fldeiuxorem
1567 3562 1676 3648 michi
1699 3567 1818 3651 posuit
1840 3565 2025 3652 seipsum,

178 3717 215 3782 61
239 3713 420 3782 landolfus
442 3713 538 3782 filius
562 3716 740 3802 quondam
764 3715 907 3801 godeui;
934 3718 970 3783 61
992 3735 1057 3803 per
1081 3716 1161 3802 ipsa
1183 3715 1319 3802 gaudia
1340 3715 1516 3802 obligavit
1537 3735 1576 3784 se
1598 3717 1675 3804 ipse
1697 3719 1857 3786 stefanus
1880 3722 2021 3788 616666

179 3866 303 3934 616166
326 3861 593 3953 adimplendum
617 3866 727 3934 michi
749 3867 908 3954 meisque
930 3868 1205 3946 successoribus,
1238 3871 1275 3935 61
1290 3868 1453 3954 partibus
1476 3867 1643 3936 iamdicta
1666 3871 1828 3949 ecclesie,
1852 3870 1946 3940 61661
1968 3891 2028 3940 su·

177 4019 418 4105 proscriptum
442 4020 508 4096 est,
533 4035 642 4105 usque
665 4017 832 4084 iamdicto
855 4017 1101 4095 constitutum
1139 4022 1176 4086 et
1195 4019 1240 4112 si,
1266 4019 1359 4087 61661
1380 4020 1544 4106 superius
1566 4021 1741 4107 scriptum
1763 4025 1830 4100 est,
1855 4023 1932 4110 ipse
1954 4027 2026 4091 ste-

175 4171 280 4238 fanus
302 4171 441 4238 616666
464 4168 586 4237 eredes
609 4187 680 4236 non
703 4169 941 4255 adinpleberit
965 4169 1077 4238 michi
1097 4170 1255 4258 meisque
1278 4171 1551 4250 sucessoribus,
1585 4175 1622 4239 et
1645 4173 1810 4260 partibus
1833 4175 1945 4261 ipsius
1968 4194 2024 4244 ec·

181 4323 299 4400 alesia,
324 4326 361 4390 61
384 4321 631 4408 suprascripta
654 4323 709 4387 vel
726 4341 771 4389 ex
789 4321 841 4388 eis
864 4341 1079 4434 quemquam
1103 4327 1283 4393 remobens
1309 4327 1374 4392 aut
1395 4325 1641 4393 contradicere
1664 4327 1936 4412 presumpserit,
1955 4328 2027 4396 aud

177 4477 208 4544 si
233 4480 399 4545 arborem
423 4477 466 4543 de
489 4477 567 4562 ipsa
592 4475 785 4543 traditione
808 4476 977 4542 inciderit
990 4477 1067 4544 sine
1092 4479 1215 4546 nostra
1237 4477 1397 4554 11666116,
1415 4479 1497 4546 etsi
1517 4479 1593 4564 ipso
1617 4497 1784 4564 granum,
1811 4481 1904 4565 quod
1920 4481 2024 4550 nobis

170 4629 322 4706 dederit,
348 4649 418 4696 non
442 4629 553 4696 166111
576 4631 705 4696 bonum
729 4646 896 4714 granum,
911 4631 1019 4715 quale
1043 4649 1107 4714 per
1130 4631 1200 4696 ista
1223 4631 1317 4697 cibes
1333 4649 1371 4697 se
1386 4627 1598 4707 bendiderit,
1616 4635 1653 4698 61
1674 4651 1744 4698 non
1767 4631 1907 4699 dederit
1921 4633 2012 4702 illud

169 4783 284 4861 nobis,
311 4783 368 4848 161
392 4781 437 4848 61
462 4799 546 4866 pars
569 4783 726 4868 predicte
749 4781 897 4850 ecclesie
919 4780 1040 4869 ibique
1064 4781 1110 4850 ad
1133 4783 1213 4868 ipsa
1236 4783 1387 4850 ecclesia
1410 4803 1453 4850 ac
1477 4784 1619 4851 domum
1644 4787 1780 4862 nostra,
1809 4803 1873 4872 per
1901 4789 2016 4872 ipsam

170 4933 345 5020 guadiam
368 4936 406 5000 61
428 4932 692 5000 combenientia
714 4931 887 5019 obligavit
909 4951 946 4998 66
971 4929 1044 5017 ipsc
1067 4933 1225 4998 stelenus
1241 4935 1277 4998 et
1291 4952 1372 4999 suos
1395 4934 1518 5000 credes
1541 4953 1751 5020 componere
1775 4935 1884 5003 michi
1910 4941 2014 5005 meis-

167 5102 238 5171 que
262 5083 544 5164 succexsoribus,
570 5086 674 5152 6161
698 5086 859 5171 partibus
883 5083 993 5171 ipsius
1017 5081 1167 5150 66616616
1191 5081 1457 5168 quinquaginta
1480 5083 1562 5150 auri
1589 5085 1693 5152 solidi
1716 5055 2015 5167 constantiniani,

169 5241 207 5303 et
230 5252 294 5320 per
317 5235 441 5303 eadem
465 5235 726 5304 combenientia
749 5236 794 5302 ad
818 5237 971 5320 pignera
1001 5233 1177 5320 obligavit
1199 5251 1236 5300 se
1260 5233 1376 5319 ipsum
1410 5235 1586 5302 landolfus
1608 5237 1849 5305 fideiussorem
1873 5243 1910 5306 61
1933 5259 2016 5310 6666

180 5387 304 5455 616166
327 5387 442 5455 omnis
465 5387 644 5475 pingnera
666 5391 703 5454 et
724 5406 834 5455 causa
856 5405 922 5454 sua
944 5386 1110 5472 legitima
1132 5387 1169 5453 et
1191 5385 1393 5472 inlegitima
1413 5387 1592 5486 usquead
1616 5390 1746 5474 legem.
1772 5395 2020 5462 verumtamen

181 5557 223 5605 oc
246 5557 483 5606 memoramus
507 5541 645 5607 tantum
670 5540 700 5606 si
725 5541 821 5607 infra
842 5540 919 5626 ipso
941 5541 1172 5607 constitutum
1189 5539 1268 5626 ipsa
1291 5539 1436 5617 molina,
1455 5544 1594 5626 quaest
1617 5541 1665 5611 ibi
1680 5545 1879 5631 propinquo
1894 5547 1938 5615 de
1954 5568 2027 5618 mo-

177 5692 338 5759 nasterio
362 5692 479 5762 sancti
503 5694 641 5778 georgii
665 5693 818 5770 salierit,
843 5675 952 5762 deant
975 5693 1058 5762 inde
1082 5695 1156 5780 ipse
1171 5693 1329 5760 stefanus
1344 5693 1454 5762 michi
1470 5697 1527 5766 161
1546 5696 1582 5763 in
1600 5717 1684 5784 pars
1699 5700 1867 5786 predicte·
1882 5706 2027 5772 ecclesie
