5398 7106
997 509 1408 584 blntollssless
2018 513 2090 585 253

280 709 326 773 Et
349 724 415 792 per
439 703 702 774 combenientia
725 704 894 792 guadiam
918 705 1029 772 michi
1051 703 1121 790 ipsi
1144 721 1266 772 omnes
1289 701 1526 790 suprascripti
1550 703 1740 781 dederunt,
1765 706 1802 771 et
1824 704 2048 774 fideiussores
2072 705 2138 772 mi-

215 893 222 906 ·
275 806 335 926 ehi
357 859 552 945 posuerunt
575 827 736 944 seipsos,
762 857 799 924 et
823 875 888 942 per
912 860 1026 942 ipsam
1051 855 1223 942 guadiam
1247 855 1506 940 obligaberunt
1527 875 1566 922 se
1589 855 1626 921 et
1649 855 1796 922 illorum
1821 855 1995 933 heredes,
2024 859 2064 923 ut
2088 857 2132 934 si,

230 1085 241 1106 .
273 1011 368 1080 sieut
390 1011 609 1090 dictumest,
628 1013 673 1082 ad
689 1031 774 1100 pars
790 1011 952 1100 predicte
975 1011 1127 1078 ecclesie
1151 1029 1224 1078 non
1241 1006 1503 1095 adimpleberit,
1521 1009 1821 1096 etsupraseripta
1837 1010 1955 1076 velex
1972 1011 2022 1077 eis
2039 1011 2136 1097 quio·

277 1183 385 1250 quam
410 1169 594 1234 remobere
618 1169 682 1232 aut
704 1165 948 1235 contradicere
972 1165 1267 1252 presumpserint,
1294 1181 1357 1250 per
1381 1162 1496 1248 ipsam
1519 1161 1689 1248 guadiam
1713 1180 1924 1248 componere
1946 1157 2138 1248 obligaba-¹

279 1321 363 1386 runt
384 1317 452 1386 sibi
476 1337 598 1386 omnes
620 1319 857 1406 suprascripti
880 1325 915 1387 et
932 1317 1075 1384 illorum
1099 1317 1249 1384 heredes
1273 1315 1318 1382 ad
1341 1333 1426 1402 pars
1442 1315 1603 1402 predicte
1626 1313 1777 1381 ecclesie
1801 1315 1955 1400 triginta
1979 1315 2060 1382 auri
2076 1333 2134 1384 so·

281 1471 370 1538 lidos
395 1469 718 1538 constantinianos.
744 1472 791 1537 De
814 1470 1062 1556 suprascripta
1085 1471 1186 1536 terra
1209 1473 1246 1534 et
1269 1486 1354 1535 casa
1377 1467 1509 1535 tradidi
1532 1467 1619 1554 ipsis
1636 1468 1783 1534 iohanni
1807 1467 1873 1534 tilii
1889 1468 2051 1536 iamdicti
2068 1469 2133 1536 im-

280 1623 397 1708 perati
421 1625 458 1690 et
482 1623 630 1691 iohanni
653 1624 725 1690 illio
750 1623 844 1710 petri
867 1625 942 1690 tres
965 1624 1087 1708 partes
1110 1621 1148 1687 in
1172 1623 1275 1706 parte
1298 1599 1517 1697 occidentis,
1542 1619 1670 1706 stipsi
1694 1619 1844 1686 iohanni
1867 1621 1939 1686 tilio
1965 1621 2129 1689 iamdicti

278 1776 426 1844 visantii
450 1777 487 1844 in
511 1784 614 1863 parte
637 1777 786 1844 orientis
811 1745 919 1844 unam
944 1780 1109 1864 quartam
1136 1777 1300 1860 partem,
1325 1776 1437 1840 etsie
1461 1771 1590 1842 exinde
1614 1773 1699 1840 dent
1722 1773 1765 1840 de
1788 1775 1994 1861 supradicto
2019 1795 2126 1844 censu

284 1924 392 1995 michi
416 1931 474 1994 vel
498 1928 537 1998 in
560 1947 646 2016 pars
668 1925 828 2016 predicte
852 1905 1005 1996 ecclesie
1028 1945 1093 2014 per
1117 1928 1327 2012 supradicta
1350 1925 1485 2014 guadia
1508 1933 1543 1993 et
1559 1926 1789 2012 obligatione.
1816 1927 1913 2004 Quod
1929 1927 2055 1994 scribsi
2072 1946 2137 2016 ego

282 2082 505 2169 grimoaldus
528 2083 703 2152 notarius.

320 2233 347 2324 †
372 2238 447 2321 Ego
471 2235 637 2304 alderissi
662 2239 826 2305 notarius
848 2257 904 2305 mo
927 2236 1136 2304 subscribsi.

319 2387 347 2474 †
371 2389 446 2474 Ege
471 2389 644 2456 iohannes
669 2390 834 2457 notarius
857 2407 914 2457 me
937 2389 1146 2475 subscripsi.

1075 2765 1302 2855 MCCIV

1041 3012 1100 3084 A.
1128 3007 1186 3082 D.
1214 3010 1341 3083 1054
1395 2969 1399 2975 ’

320 3275 346 3366 †
371 3277 409 3343 ln
432 3276 576 3342 nomine
599 3274 734 3346 domini
759 3275 1004 3342 tertiodecimo
1027 3293 1122 3341 anno
1145 3275 1367 3360 principatus
1389 3275 1509 3342 domni
1534 3277 1646 3344 nostri
1668 3277 1789 3363 gisultl
1812 3279 1962 3366 gloriosi
1986 3279 2122 3366 princi-

271 3431 338 3516 pis,
364 3449 484 3498 mense
508 3431 641 3509 iunius,
660 3430 813 3518 septima
837 3429 1045 3497 indictione.
1071 3431 1144 3514 Ego
1160 3428 1277 3496 tedari
1301 3447 1430 3515 grecus
1453 3429 1547 3498 fllius
1571 3432 1750 3518 quondam
1774 3435 1905 3500 stefani
1929 3435 2030 3520 greci
2047 3435 2126 3500 Gla-

272 3585 417 3665 resacio,
443 3586 611 3673 quoniam
626 3586 722 3658 ,mihi
745 3587 799 3653 est
820 3584 1025 3672 pertinente
1049 3585 1183 3651 habere
1206 3587 1342 3651 terram
1367 3603 1447 3650 cum
1471 3602 1555 3652 casa
1579 3583 1703 3669 lignea
1726 3588 1897 3655 terranea
1931 3589 2027 3654 toras
2051 3589 2126 3656 ista

271 3739 419 3806 civitate
442 3740 508 3806 illa
531 3742 635 3826 parte
658 3757 754 3826 aqua
776 3738 820 3805 de
846 3739 1028 3814 bosanola,
1047 3755 1115 3822 que
1138 3739 1193 3803 est
1215 3755 1278 3822 per
1300 3739 1366 3803 has
1389 3737 1476 3803 fines
1499 3739 1536 3803 et
1559 3753 1758 3816 mensuras,
1784 3739 1877 3807 iusto
1902 3740 1990 3826 pede
2014 3760 2124 3810 manu

270 3892 425 3959 hominis
448 3894 669 3958 mensurata.
695 3892 727 3957 A
749 3893 854 3977 parte
877 3890 1027 3957 orientis
1050 3891 1120 3957 fine
1143 3890 1214 3964 via,
1233 3889 1270 3954 et
1286 3889 1392 3974 pedes
1416 3888 1544 3975 viginti
1568 3893 1715 3976 septem.
1735 3892 1764 3958 Α
1780 3895 1884 3979 parte
1901 3896 2126 3979 septemtrio-

271 4049 325 4112 nis
348 4046 418 4113 tlne
441 4045 536 4112 leoni
559 4046 759 4122 sicellense,
784 4046 821 4111 et
843 4044 950 4130 pedes
974 4042 1258 4130 quatuordecim:
1284 4043 1339 4110 Ab
1361 4043 1544 4112 occidente
1568 4044 1637 4111 line
1660 4047 1843 4122 streetola‚
1868 4050 1905 4114 et
1928 4049 2034 4135 pedes
2057 4049 2123 4124 alii

270 4197 402 4284 viginti
426 4203 574 4285 septem.
601 4200 630 4264 A
654 4198 804 4264 meridie
827 4197 897 4263 tine
921 4199 992 4275 via,
1018 4199 1055 4263 et
1078 4198 1185 4284 pedes
1207 4197 1272 4264 alil
1296 4197 1602 4284 quattuordecim.
1630 4205 1701 4265 Hec
1725 4201 1846 4268 autem
1870 4202 2123 4290 suprascripta

269 4355 368 4418 terra
393 4371 473 4418 cum
498 4369 582 4417 casa
606 4369 670 4438 per
686 4351 877 4418 iamdictos
899 4350 987 4416 tlnes
1011 4352 1048 4415 et
1071 4367 1257 4418 mensuras
1273 4368 1472 4435 congruum
1496 4353 1551 4417 est
1567 4351 1675 4418 michi
1697 4351 2021 4422 illamvenundare
2038 4375 2121 4423 con·

269 4504 435 4580 stantini,
463 4503 525 4590 qui
548 4502 618 4569 suit
641 4503 684 4570 de
707 4500 826 4569 sieilia
849 4505 886 4568 et
908 4499 976 4566 filii
999 4501 1175 4588 quondam
1199 4503 1309 4569 leoni.
1336 4504 1500 4579 Interea,
1526 4503 1621 4570 sieut
1643 4503 1753 4572 miehi
1777 4502 1980 4574 nominatus
2005 4508 2122 4575 todari

268 4679 467 4747 congruum
492 4661 572 4734 est,
612 4658 705 4723 bona
729 4673 809 4722 mea
833 4657 1017 4723 boluntate
1040 4675 1105 4742 per
1128 4667 1196 4724 a'nc
1219 4659 1398 4724 cartulam
1423 4661 1507 4725 ante
1531 4662 1746 4745 subscriptos
1785 4661 1929 4729 idoneos
1953 4663 2116 4730 homines

270 4813 382 4881 vendo
406 4813 523 4899 adque
546 4811 758 4896 adnsemper
782 4809 961 4876 abendum
984 4809 1152 4876 confirmo
1176 4809 1242 4876 tivi
1265 4810 1434 4878 iamdicto
1458 4811 1676 4879 constantini
1711 4811 1843 4880 inclita·
1872 4816 2119 4903 suprascripta

267 4971 471 5035 terrosum
495 4985 591 5041 casa,
610 4965 770 5052 qualiter
793 4963 956 5031 conciata
978 4964 1015 5029 st
1038 4962 1200 5030 edificata
1224 4967 1291 5041 est,
1305 4983 1383 5030 eum
1408 4963 1529 5031 omnia
1551 4965 1647 5032 intro
1672 4965 1785 5052 ipsam
1801 4967 2041 5036 venditionem
2054 4972 2118 5038 ha·

267 5122 429 5190 bentibus
452 5119 685 5206 omnibusque
701 5116 1028 5205 suispertinentiis,
1046 5119 1176 5184 etcum
1194 5117 1327 5186 bicede
1343 5120 1418 5203 ipse
1441 5121 1511 5194 vie,
1536 5137 1580 5186 ea
1603 5119 1754 5196 ratione,
1774 5123 1813 5188 ut
1836 5121 1960 5190 amodo
1976 5127 2014 5190 et
2027 5143 2118 5191 sern-

267 5293 332 5362 per
346 5273 385 5342 in
402 5275 465 5341 tua
481 5276 518 5340 et
533 5273 577 5340 de
593 5271 867 5340 tuisheredibus
890 5273 983 5337 esset
1006 5272 1179 5356 potestate
1203 5270 1287 5338 illut
1310 5269 1515 5346 tenendum,
1541 5274 1578 5336 et
1600 5272 1801 5339 laciendum
1826 5274 1869 5341 de
1883 5255 1936 5341 'ea
1952 5275 2116 5364 quicquit
2138 5261 2143 5271 ’

267 5427 467 5494 volueritis.
493 5429 538 5494 st
560 5429 706 5513 propter
729 5423 1033 5492 confirmationem
1059 5424 1138 5490 uius
1162 5441 1238 5490 mee
1255 5423 1482 5500 venditionis,
1501 5425 1641 5511 suscepi
1656 5444 1679 5492 a
1693 5429 1730 5494 te
1747 5427 1910 5496 exdictus
1923 5411 2142 5498 constans-³
2221 5505 2228 5520 ·

268 5597 337 5648 nus
352 5580 541 5654 ianitorem
566 5597 682 5648 meum
700 5582 782 5648 auri
797 5579 869 5648 tari
893 5579 975 5647 boni
999 5577 1129 5663 viginti
1152 5578 1344 5666 quadtuor,
1359 5579 1453 5647 sicut
1475 5581 1571 5647 inter
1594 5599 1657 5649 nos
1681 5582 1847 5650 convenit
1856 5583 1900 5649 'in
1915 5573 2012 5651 omni
2029 5585 2117 5652 deli-

270 5737 469 5805 beratione.
510 5739 561 5804 Ea
584 5735 725 5803 ratione
748 5752 812 5821 per
835 5731 1087 5800 con-venientia
1109 5751 1175 5818 ego
1197 5732 1389 5800 iamdictus
1412 5732 1530 5800 todari
1554 5734 1724 5819 guadiam
1759 5735 1825 5804 tibi
1848 5733 2009 5804 iamdicti
2034 5757 2116 5805 con-
