5454 7104
1276 497 1454 574 cobux
1482 495 1741 570 divulsis
1774 549 1776 554 ,

1396 695 1599 794 Mum

1336 950 1396 1025 A.
1424 945 1481 1020 D.
1511 928 1626 1021 1051ι

610 1186 638 1276 †
664 1188 700 1252 ln
725 1190 867 1256 nomine
891 1185 1027 1254 domini
1052 1185 1232 1252 tricesimo
1267 1185 1375 1253 tertio
1398 1205 1493 1254 anno
1517 1185 1742 1273 principatus
1767 1183 1887 1251 domni
1923 1179 2038 1248 nostri
2061 1171 2254 1264 guaimarii
2277 1171 2423 1260 gloriosi

567 1341 754 1429 principis,
780 1345 817 1408 et
839 1339 1047 1409 duodecimo
1063 1360 1154 1410 anno
1179 1341 1328 1408 ducatus
1352 1339 1429 1407 eius
1445 1340 1583 1408 amalfis
1599 1343 1636 1407 et
1650 1309 1812 1414 sirrenti,
1827 1340 1864 1403 et
1886 1335 2023 1403 decimo
2047 1353 2143 1401 anno
2166 1327 2424 1417 suprascripto-

568 1515 650 1563 rum
674 1495 942 1582 principatuum
966 1499 1002 1563 et
1024 1496 1230 1564 ducatuum
1251 1494 1374 1562 domni
1396 1493 1517 1580 gisulfi
1540 1492 1665 1561 eximii
1688 1489 1861 1578 principis
1884 1493 1921 1557 et
1943 1486 2043 1556 ducis
2066 1486 2133 1554 tilii
2155 1485 2260 1560 eius,
2301 1497 2422 1550 meuse

567 1649 716 1735 aprelis,
742 1653 873 1737 quarta
898 1649 1282 1739 indictione'ldeoque
1307 1670 1373 1736 ego
1397 1651 1539 1718 astillus
1564 1650 1741 1738 presbiter
1757 1648 1852 1716 hlius
1876 1645 2053 1734 quondam
2076 1642 2184 1710 astilfl
2206 1635 2348 1708 declaro
2365 1657 2419 1704 me

568 1805 679 1872 abere
704 1822 775 1870 una
797 1803 903 1872 sedili
928 1805 971 1872 de
996 1823 1081 1874 casa
1104 1805 1238 1874 fabrita
1261 1805 1358 1873 intus
1382 1803 1529 1871 civitate
1554 1821 1646 1868 nova
1676 1799 1889 1886 caputaquis
1913 1817 1994 1864 cum
2018 1795 2168 1864 heredes
2191 1791 2342 1860 castaldi
2363 1790 2425 1879 qui

578 1953 649 2023 suit
675 1956 839 2024 thianum
863 1977 995 2036 meum,
1013 1962 1049 2024 et
1072 1977 1270 2046 congruum
1295 1960 1349 2024 est
1370 1957 1459 2025 mihi
1476 1957 1607 2024 inclita
1631 1956 1858 2024 medietatem
1883 1953 1926 2020 de
1941 1951 2112 2019 iamdicta
2134 1949 2331 2017 casaillam
2348 1947 2426 2014 rin·

573 2109 660 2176 dere
685 2110 731 2177 ad
754 2111 871 2178 amuri
895 2113 1008 2180 filium
1034 2112 1212 2199 quondam
1237 2111 1402 2180 iohannis
1425 2111 1634 2196 presbiteri:
1652 2113 1689 2177 et
1704 2110 1794 2184 ideo,
1819 2109 1862 2175 dc
1886 2107 1978 2174 sicut
2000 2104 2109 2172 michi
2133 2120 2331 2188 congruum
2355 2103 2422 2174 est,

569 2265 662 2330 bona
686 2263 781 2332 enim
805 2283 885 2333 mea
909 2268 1094 2334 uoluntate
1118 2267 1299 2351 perhanc
1323 2283 1463 2352 quoque
1489 2263 1657 2332 videlicet
1680 2263 1858 2330 cartulam
1885 2265 1970 2328 ante
1993 2257 2186 2344 subscripti
2225 2259 2334 2322 testes
2367 2257 2426 2322 be·

570 2417 787 2484 numdamus
811 2421 919 2505 atque
943 2418 988 2485 ad
1013 2437 1153 2504 semper
1181 2419 1358 2486 abendum
1383 2419 1635 2485 confirmamus
1659 2417 1724 2486 tivi
1749 2413 1916 2484 iamdicto
1940 2413 2059 2480 amuri
2083 2413 2210 2480 inclita
2233 2409 2425 2476 medietate

568 2573 613 2640 de
638 2529 809 2640 iamdicta
833 2592 930 2649 casa,
956 2573 1115 2660 qualiter
1139 2551 1248 2640 michi
1271 2574 1327 2640 est
1350 2573 1586 2659 pertinentes,
1612 2575 1648 2638 et
1671 2591 1717 2637 ex
1740 2571 1837 2638 omni
1859 2573 1960 2656 parte
1984 2583 2089 2634 mura
2110 2565 2335 2635 circumdant
2358 2579 2425 2649 per

567 2727 608 2791 as
632 2725 717 2792 fines
740 2728 777 2792 et
800 2734 997 2794 mensuras.
1025 2725 1219 2812 Incipiente
1244 2745 1266 2794 a
1289 2745 1374 2813 pars
1397 2726 1547 2792 orientis
1569 2728 1653 2792 sunt
1676 2724 1783 2811 pedes
1804 2723 1925 2791 decem
1949 2725 1986 2788 et
2008 2725 2096 2788 octo:
2122 2721 2166 2788 de
2189 2723 2314 2788 subtus
2338 2737 2421 2806 par-

572 2876 668 2944 tibus
692 2894 757 2963 per
779 2877 932 2944 latitudo
956 2877 1061 2963 pedes
1086 2878 1290 2965 quindecim
1314 2883 1352 2946 et
1375 2879 1547 2948 medium.
1586 2881 1615 2946 Α
1639 2898 1723 2966 pars
1746 2878 1939 2946 occidentis
1963 2878 2068 2964 ‘pedes
2091 2877 2213 2944 decem
2237 2879 2274 2941 et
2296 2877 2424 2942 nobem

566 3035 606 3098 et
629 3031 797 3100 medium.
826 3035 1003 3119 Desuper
1027 3037 1130 3119 parte
1155 3033 1260 3119 pedes
1284 3033 1350 3100 alii
1374 3033 1498 3100 decern
1522 3034 1559 3099 et
1583 3035 1710 3100 nobem
1734 3037 1770 3100 et
1793 3031 1960 3106 medium,
1986 3033 2098 3098 totum
2124 3034 2370 3099 mensuratum
2387 3033 2426 3098 at

569 3186 662 3253 iusto
685 3185 810 3273 pedem
836 3205 981 3254 manum
1006 3149 1165 3262 homini,
1192 3189 1229 3252 et
1252 3204 1298 3252 ex
1321 3186 1418 3253 ornni
1442 3189 1546 3273 parte
1573 3205 1681 3254 mura
1704 3185 1931 3254 circundant.
1974 3193 2044 3252 Hec
2069 3203 2153 3251 vero
2175 3183 2426 3270 prenominata

570 3357 652 3408 casa
675 3340 718 3406 de
742 3339 912 3408 iamdicto
935 3341 1052 3408 locum
1076 3356 1140 3426 per
1164 3339 1409 3428 suprascripte
1431 3340 1512 3408 finis
1553 3344 1590 3408 et
1617 3358 1805 3408 mensuras
1837 3339 1964 3407 inclita
1998 3337 2190 3407 medietate
2224 3340 2326 3406 illam
2362 3335 2427 3403 tivi

569 3493 743 3560 iamdicto
769 3494 887 3561 amuri
915 3493 1219 3562 benumdedimus.
1247 3493 1346 3561 Unde
1371 3494 1483 3562 nichil
1497 3494 1609 3590 'nobis
1632 3499 1697 3561 aut
1719 3494 1765 3562 ad
1788 3494 1980 3564 heredibus
2003 3494 2118 3568 meis,
2150 3498 2214 3560 aut
2238 3494 2283 3560 ad
2307 3497 2431 3561 uxori-

573 3651 650 3720 bus,
678 3653 741 3716 aut
768 3649 935 3735 cuiquam
961 3647 1162 3716 hominibus
1185 3648 1228 3714 de
1253 3648 1331 3736 ipsa
1354 3649 1547 3716 medietate
1571 3669 1640 3718 non
1664 3649 1938 3726 reservavimus,
1956 3651 2020 3716 aut
2042 3649 2196 3716 dicimus
2220 3648 2356 3715 ibidem
2374 3666 2429 3714 re·

569 3820 717 3870 manere
739 3806 908 3881 sortione,
935 3808 989 3872 set
1014 3807 1126 3872 totum
1151 3806 1189 3870 et
1214 3803 1377 3872 inclitum
1403 3805 1486 3871 illut
1508 3804 1575 3872 tivi
1597 3804 1890 3872 benumdedimus
1913 3823 1994 3870 cum
2018 3803 2206 3870 introitum
2229 3807 2266 3869 et
2289 3801 2427 3872 exitum

569 3959 608 4023 et
633 3955 709 4021 vice
732 3955 776 4022 de
811 3957 941 4042 plateis
975 3962 1012 4024 et
1046 3957 1178 4026 auditis
1211 3957 1311 4032 suis,
1348 3975 1429 4025 curn
1452 3952 1622 4024 strictolis
1645 3959 1682 4023 et
1703 3955 1896 4025 stillicidiis
1919 3957 2020 4032 suis,
2045 3974 2125 4022 cum
2153 3955 2303 4022 inferius
2326 3973 2428 4042 supe-

571 4111 717 4197 riusque
756 4112 854 4188 suis,
884 4116 1023 4179 etcum
1047 4114 1210 4180 omnibus
1233 4112 1306 4180 suis
1333 4111 1589 4199 pertinentiis,
1615 4115 1654 4179 at
1676 4105 1850 4180 securiter
1872 4117 1909 4179 et
1930 4111 2082 4179 tirmiter
2112 4111 2237 4178 amodo
2271 4113 2308 4176 et
2338 4127 2427 4176 sem-

570 4285 636 4353 per
660 4271 699 4334 tu
725 4266 916 4335 iamdictus
940 4268 1058 4336 amuri
1081 4272 1118 4334 et
1142 4271 1214 4336 tuis
1236 4269 1426 4336 heredibus
1450 4269 1558 4344 illos,
1585 4271 1624 4335 ut
1647 4268 1780 4335 dictum
1807 4271 1888 4336 est.
1924 4267 2100 4334 abendum
2120 4313 2141 4348 „
2159 4264 2427 4338 dominandum,

574 4421 825 4506 possidendum
851 4427 888 4488 et
907 4423 1032 4490 omnia
1056 4422 1186 4490 exinde
1211 4421 1412 4489 laciendum
1439 4439 1507 4507 que
1532 4419 1598 4486 tivi
1622 4419 1746 4506 tuique
1777 4419 1942 4486 eredibus
1980 4417 2183 4504 placuerint
2219 4416 2297 4502 sine
2330 4415 2426 4482 omni

571 4581 696 4644 nostra
720 4579 785 4644 aut
808 4577 849 4642 de
873 4577 1005 4643 nostris
1029 4577 1232 4652 heredibus,
1258 4581 1322 4643 aut
1345 4577 1513 4663 cuiquam
1537 4573 1739 4642 hominibus
1762 4573 1885 4660 aliqua
1908 4572 2168 4641 contrarietate
2192 4572 2249 4640 vel
2277 4569 2428 4658 requisi·

571 4728 682 4797 tione.
707 4729 807 4796 Unde
831 4748 895 4815 pro
919 4728 1162 4796 confirmanda
1185 4731 1222 4794 et
1243 4727 1499 4796 staviliscenda
1522 4745 1562 4795 ec
1586 4726 1833 4814 suprascripta
1856 4726 2066 4803 vinditione,
2099 4743 2194 4794 nunc
2218 4743 2240 4792 a
2262 4723 2427 4810 presente

573 4881 693 4968 recepi
716 4901 738 4948 a
764 4887 798 4948 te
822 4881 990 4949 iamdicto
1015 4881 1133 4949 amuri
1157 4879 1259 4948 aurei
1283 4879 1354 4947 tari
1380 4879 1532 4966 triginta
1556 4880 1594 4947 in
1617 4897 1720 4946 omne
1743 4878 2013 4956 deliveratione,
2030 4879 2124 4946 sicut
2140 4851 2234 4945 inter
2257 4895 2320 4944 nos
2336 4895 2428 4943 com-

574 5037 684 5104 bcnit.
710 5036 866 5102 Finitum
891 5039 944 5100 est
968 5053 1053 5100 vero
1077 5032 1231 5119 pretium
1257 5033 1400 5119 ipsum,
1442 5035 1482 5100 ut
1507 5033 1735 5111 dictumest,
1754 5040 1841 5120 aput
1866 5051 1927 5102 nos
1963 5052 2007 5101 ea
2034 5033 2183 5100 ratione
2205 5031 2338 5116 guadia
2362 5030 2425 5096 tivi

573 5189 748 5258 iamdicto
772 5186 891 5254 amuri
916 5185 997 5254 dedi
1022 5187 1058 5251 et
1082 5186 1314 5254 mediatorem
1337 5187 1403 5255 tibi
1427 5187 1527 5273 posui
1555 5239 1562 5253 .
1593 5239 1600 5253 .
1630 5237 1637 5252 .
1667 5239 1674 5252 .
1700 5186 1813 5254 fllium
1837 5187 2015 5274 quondam
2037 5185 2192 5260 disidei,
2227 5185 2263 5251 ct
2286 5203 2351 5270 per
2373 5203 2428 5250 ea-

574 5345 656 5410 dem
682 5341 851 5428 guadiam
876 5359 940 5425 per
964 5305 1263 5409 combenientiam
1288 5340 1465 5425 obligavit
1488 5359 1525 5407 se
1550 5341 1625 5427 ipse
1649 5343 1791 5409 astilsus
1813 5342 1990 5428 presbiter
2013 5345 2050 5408 et
2075 5359 2157 5410 suos
2180 5339 2271 5407 tilios
2294 5343 2331 5406 et
2354 5359 2430 5406 ere

573 5497 636 5564 des
661 5517 701 5564 ec
725 5493 973 5582 suprascripta
995 5546 2241 5564 ......................
2285 5502 2303 5562 ’.
2356 5547 2362 5560 .
2418 5547 2425 5560 .

572 5649 751 5717 ominibus
775 5652 821 5716 ab
844 5649 1011 5737 omnique
1036 5645 1210 5736 partibus
1237 5652 1273 5715 et
1297 5649 1404 5735 quale
1428 5651 1587 5734 tempore
1610 5641 1798 5718 dolueritis
1822 5669 1886 5737 per
1912 5669 1973 5719 vos
1997 5651 2090 5738 ipsos
2113 5649 2244 5718 exinde
2266 5667 2343 5716 esse
2367 5665 2429 5716 au-

576 5805 671 5870 tores
695 5807 731 5871 et
755 5803 957 5871 defensores
982 5806 1057 5872 vice
1083 5810 1205 5872 nostra
1230 5802 1414 5870 licentiam
1438 5805 1474 5869 et
1498 5805 1708 5890 potestatem
1732 5805 1868 5873 abeatis
1890 5825 1970 5873 cum
1994 5806 2060 5874 ista
2083 5807 2236 5882 cartula,
2262 5821 2323 5872 seu
2348 5823 2429 5872 cum
