5372 7106
624 493 675 568 m
1303 433 1723 604 unurunnou

572 692 741 759 Gestatus
761 687 858 764 enim
874 709 919 766 ne
937 690 1002 759 tibi
1018 691 1232 759 contradicit
1246 692 1384 781 aliquid
1407 693 1603 780 postulanti
1619 711 1742 761 verum
1762 695 1826 779 (1).
1846 693 2029 760 Amatoria
2053 710 2191 780 quoque
2215 694 2251 759 et
2265 691 2426 760 suasoria

572 863 637 932 per
661 848 907 916 necessitatem
930 849 1041 918 efficit
1062 799 1169 934 super
1192 849 1282 916 alios
1316 848 1466 936 lapides.
1505 849 1627 936 Alliga
1661 867 1749 934 ergo
1771 848 1837 918 tibi
1867 848 2021 934 lapidem
2045 852 2082 915 et
2104 847 2205 915 vadis
2228 847 2273 915 ad
2297 863 2425 934 pueros

568 999 644 1066 sive
667 999 713 1066 ad
737 999 890 1068 feminas
914 1004 951 1067 et
975 1018 1046 1072 non
1071 1001 1137 1068 tibi
1163 1001 1397 1068 contradicet.
1425 1001 1521 1082 Quod
1546 1002 1576 1069 si
1600 1001 1755 1070 volueris
1781 1001 1874 1069 scire
1898 1001 1983 1088 quia
2007 1018 2130 1068 verum
2157 1002 2213 1067 est
2234 999 2310 1086 ipse
2333 999 2427 1086 lapis

565 1152 621 1219 sic
645 1171 860 1239 cognoscere
885 1153 1035 1240 poteris.
1059 1156 1164 1222 Lacte
1188 1158 1225 1221 et
1248 1157 1354 1222 melle
1389 1154 1582 1226 commixto
1607 1153 1741 1222 circum
1766 1153 1874 1222 funde
1897 1153 2051 1240 lapidem
2077 1157 2114 1220 et
2136 1169 2244 1239 pones
2267 1171 2361 1220 eum.
2388 1157 2425 1221 et

567 1325 638 1375 non
662 1307 799 1376 sedebit
822 1309 872 1377 ibi
896 1327 1032 1376 musca.
1059 1310 1111 1382 sic
1134 1327 1214 1376 eam
1238 1311 1397 1397 expellit.
1417 1311 1488 1376 Nec
1504 1315 1606 1397 putes
1632 1312 1726 1378 hunc
1750 1309 1945 1377 ludibrium
1962 1325 2039 1376 esse
2055 1309 2117 1392 (2).
2143 1325 2189 1374 ex
2212 1307 2336 1374 eadem
2355 1306 2421 1374 mi-

566 1465 668 1529 stura
691 1461 827 1530 circum
852 1463 960 1530 funde
983 1465 1142 1536 alterum
1165 1464 1319 1551 lapidem
1344 1465 1486 1552 qualem
1510 1463 1680 1534 volueris.
1704 1466 1741 1529 et
1756 1463 1893 1530 videbis
1916 1467 2051 1550 quanta
2073 1413 2262 1528 multitudo
2285 1479 2422 1528 musca-

565 1633 646 1681 rum
670 1635 751 1682 eum
775 1617 1024 1684 circumvolvit
1046 1621 1110 1702 (3).
1137 1619 1249 1710 Super
1265 1620 1343 1686 haec
1360 1618 1586 1705 gratissimos
1610 1617 1698 1685 facit
1719 1620 1887 1704 gerentes
1903 1618 1967 1699 (4).
1985 1618 2021 1682 et
2036 1613 2205 1682 facundos
2220 1615 2265 1682 ad
2281 1633 2415 1682 omues

608 1770 636 1834 0
652 1769 849 1858 imperator
867 1770 1037 1856 piissime.
1056 1791 1128 1839 non
1142 1772 1294 1845 credunt
1310 1773 1470 1859 legentes
1494 1793 1607 1842 verax
1624 1791 1700 1840 esse
1723 1771 1920 1857 potentiam
1936 1770 2108 1855 lapidum,
2127 1769 2212 1855 quia
2228 1789 2298 1836 non
2312 1787 2419 1856 expe-

562 1921 709 1990 riuntur
733 1924 930 1991 adomnia.
957 1926 1088 1991 Tamen
1112 1924 1208 1992 dicta
1231 1944 1254 1992 a
1278 1926 1377 1999 nobis
1402 1930 1437 1992 et
1460 1927 1594 2012 scripta
1619 1926 1768 1994 veniunt
1790 1925 2013 1992 sanctificat-t
2036 1927 2099 2008 (5).

550 2053 561 2070 ⁴
609 2077 716 2163 Lapis
738 2077 950 2144 carsidonio.
978 2077 1184 2144 Garsidonio
1199 2079 1291 2164 lapis
1308 2081 1358 2168 (6)
1374 2081 1619 2148 sanctificatus
1638 2085 1675 2148 et
1691 2079 1960 2166 circumligatus
1980 2081 2173 2164 aquaticos
2199 2081 2315 2144 curat.
2334 2078 2419 2152 Pre-

564 2234 666 2300 terea
688 2234 748 2316 qui
776 2231 972 2318 portaverit
994 2250 1075 2298 eum
1099 2252 1121 2300 a
1145 2233 1303 2320 pueritia
1326 2253 1519 2321 numquam
1546 2237 1731 2319 mergetur
1746 2250 1863 2319 neque
1886 2234 2049 2298 vexatur.
2067 2231 2264 2304 Pulchrum
2280 2249 2419 2318 quoque

522 2421 525 2428 .
561 2384 651 2452 lacit
674 2387 875 2470 gestantem
900 2389 937 2452 et
960 2385 1112 2453 fidelem.
1131 2395 1167 2452 et
1183 2389 1363 2474 potentem
1380 2393 1416 2456 et
1439 2388 1557 2454 omnia
1578 2388 1831 2473 perficientem.
1849 2387 2012 2472 sculpere
2035 2389 2175 2472 oportet
2195 2387 2346 2453 martem
2361 2403 2420 2453 ar-

561 2554 711 2608 matum.
737 2543 800 2608 aut
823 2541 1002 2626 virginem
1026 2543 1196 2609 stolatam
1221 2546 1354 2610 vestem
1390 2543 1656 2617 circumfusam.
1691 2544 1872 2614 tenentem
1904 2543 2060 2608 laurum.
2088 2548 2316 2614 consecratus
2339 2558 2419 2626 per-

555 2699 669 2781 petua
691 2696 972 2764 consecratione.

526 2821 528 2825 ⁸
592 2813 712 2938 'Lapis
736 2850 897 2918 lithiten.
923 2851 1080 2919 Lithiten
1104 2856 1154 2938 (7)
1178 2852 1271 2938 lapis
1295 2852 1474 2940 speciosus
1497 2854 1654 2920 colorem
1670 2854 1880 2924 subnotereo
1904 2851 2052 2918 mundus
2075 2851 2246 2918 adversus
2270 2849 2417 2917 nictalo·

563 3023 630 3090 pas
656 3007 706 3088 (8)
731 3005 823 3073 idest
846 3005 1017 3074 adversus
1040 3012 1235 3077 nocturnas
1259 3011 1369 3077 habes
1394 3011 1435 3094 (l.
1462 3010 1573 3090 aves).
1602 3013 1673 3073 Hoc
1696 3009 1751 3073 est
1773 3005 1919 3092 strigas.
1944 3005 2018 3072 sive
2043 3004 2226 3104 carausius
2249 3005 2328 3088 (sic)
2352 3006 2415 3088 (9).

602 3319 651 3398 (t)
673 3280 709 3378 P.
734 3337 751 3378 e
774 3319 812 3378 A.
843 3343 854 3364 ·
879 3323 1021 3397 gestatus
1044 3318 1141 3387 enim,
1163 3335 1202 3377 ne
1225 3316 1306 3397 (mc)
1330 3318 1379 3387 P..
1403 3337 1497 3379 nemo
1521 3321 1571 3392 A..
1594 3320 1654 3380 tibi
1678 3320 1867 3384 contradicit
1890 3319 2012 3399 aliquid
2032 3320 2217 3400 postulanti.
2240 3320 2413 3382 Verum...»

598 3467 648 3546 (ἢ)
672 3467 707 3526 P.
734 3491 755 3524 a·
771 3465 836 3527 Nec
858 3469 988 3544 putetur
1009 3465 1090 3525 hanc
1112 3463 1286 3526 ludibrium
1309 3483 1382 3525 esse
1403 3487 1430 3526 ι.
1454 3466 1491 3526 A.
1520 3489 1531 3520 ι
1558 3466 1623 3533 Nec
1643 3469 1773 3545 putetur
1794 3466 1854 3530 hoc
1874 3465 2049 3526 ludibrium
2071 3485 2190 3542 esse.»

599 3611 650 3692 (3)
673 3611 709 3673 Ρ.
734 3631 752 3672 e
774 3612 813 3673 A.
841 3635 852 3666 ι
876 3629 1061 3672 muscarum
1083 3610 1353 3699 circumvolvitur.
1380 3635 1391 3666 ι

507 3807 509 3810 .
600 3757 649 3838 (A)
672 3758 708 3818 P.
733 3777 750 3818 e
773 3758 811 3819 A.
841 3779 852 3813 a
878 3761 1049 3835 gestantes.
1075 3779 1086 3810 a

597 3905 649 3984 (5)
671 3903 729 3965 Nel
751 3903 840 3964 Pitra
861 3909 977 3984 queste
998 3904 1106 3984 parole
1128 3904 1168 3965 da
1193 3903 1218 3965 Ο
1239 3905 1423 3982 imperator
1446 3905 1515 3965 eino
1537 3923 1555 3964 a
1575 3903 1714 3966 veniunt
1728 3903 1937 3980 sonctificate
1958 3919 2033 3962 sono
2048 3908 2204 3983 stampato
2221 3921 2278 3963 con
2299 3901 2415 3964 lettere

550 4051 608 4131 piu
629 4049 762 4130 piacola,
785 4049 922 4130 perche,
946 4049 1082 4110 siccome
1104 4051 1174 4111 dice
1196 4049 1298 4112 l'Abel
1321 4051 1354 4111 in
1368 4055 1455 4122 nota,
1479 4051 1509 4112 le
1530 4049 1656 4111 ritenne
1677 4049 1827 4134 aggiunte
1849 4049 1888 4112 da
1909 4048 2006 4111 altri:
2032 4074 2045 4106 ι
2070 4068 2183 4111 versus
2205 4049 2297 4130 quasi
2316 4049 2417 4111 inter-

557 4195 682 4277 polatos
704 4195 884 4258 minoribus
906 4194 1023 4256 litteris
1045 4195 1247 4258 excudendos
1269 4197 1394 4256 curavit
1417 4195 1507 4257 Pitra
1531 4219 1559 4256 r.
1583 4196 1619 4258 ln
1640 4195 1802 4263 anthedus.
1818 4194 1845 4256 si
1865 4195 1943 4262 vade
1963 4193 2015 4274 poi
2035 4194 2059 4256 il
2078 4194 2180 4274 primo
2200 4199 2298 4274 punto
2318 4195 2416 4255 tinale

554 4341 639 4424 dopo
661 4342 693 4403 la
713 4341 824 4422 parola
848 4321 1070 4418 experiuntur
1091 4339 1143 4400 nel
1164 4340 1256 4400 modo
1278 4343 1444 4419 seguente:
1473 4365 1484 4397 ι
1509 4339 1534 4401 Ο
1555 4341 1727 4422 imperator
1746 4327 1899 4426 piissime,
1922 4360 1984 4402 non
2005 4340 2138 4402 credunt
2158 4341 2300 4418 legentes
2321 4358 2416 4401 veras

553 4507 627 4549 esse
652 4487 807 4568 potentias
831 4486 972 4566 lapidum
994 4486 1152 4566 quianon
1174 4485 1392 4565 experiuntur.
1426 4483 1542 4546 Omnia
1575 4491 1682 4547 tamen
1705 4486 1789 4554 dicta
1819 4485 1950 4548 anobis
1979 4490 2011 4546 et
2040 4485 2156 4564 scripta
2187 4483 2316 4545 veniunt
2340 4499 2418 4546 san·

556 4633 709 4696 ctificata.
736 4657 747 4688 ι

596 4777 645 4858 (rt)
668 4780 706 4838 A.
732 4779 764 4838 in
785 4782 871 4838 nota:
899 4802 910 4832 ι
935 4776 1087 4857 hic'lapis
1108 4777 1188 4838 alibi
1210 4795 1272 4838 non
1293 4777 1442 4838 occurrit.
1469 4799 1480 4831 ι

593 4921 642 5002 (7)
664 4922 703 4982 A.
732 4943 744 4978 s
769 4921 950 5000 Lychnites.
977 4943 989 4976 a

594 5065 643 5147 (8)
666 5066 702 5129 P.
731 5091 742 5122 r
767 5069 963 5146 nyctalopas.
989 5088 1002 5121 ι

593 5213 642 5294 (9)
663 5215 699 5274 Ρ.
723 5234 740 5275 e
763 5213 801 5274 A.
826 5211 878 5272 nel
900 5217 983 5273 testo
1012 5236 1024 5270 ι
1050 5229 1188 5274 cananae
1212 5233 1224 5266 r
1248 5245 1288 5254 —
1309 5211 1345 5272 P.
1369 5211 1403 5271 in
1425 5217 1526 5272 ncta:
1554 5237 1566 5269 a
1590 5228 1730 5273 cananae
1753 5214 1915 5292 glossariis
1936 5231 1997 5274 vox
2017 5213 2184 5286 inaudita,
2211 5216 2292 5279 lorts
2312 5215 2422 5279 dedn-

553 5359 653 5422 cenda
675 5378 694 5420 a
714 5359 820 5439 glossa
844 5359 1004 5420 barbara:
1027 5375 1140 5428 sebert,
1163 5359 1309 5440 perdere,
1332 5355 1503 5422 ἀπολλύναι
1525 5381 1552 5418 a.
1574 5394 1615 5406 --
1635 5359 1675 5420 A.
1712 5357 1821 5418 cbiuse
1842 5362 1893 5424 trs
1913 5360 2072 5439 parentesi
2094 5361 2123 5423 le
2143 5360 2250 5441 parole
2271 5362 2311 5424 da
2325 5365 2422 5427 idest

553 5507 711 5568 adversus
733 5504 802 5567 sino
825 5504 892 5594 alla
910 5508 1021 5586 parole
1043 5523 1193 5568 canonos
1215 5524 1272 5586 per
1293 5506 1325 5566 la
1345 5505 1476 5583 ragione
1499 5505 1556 5566 che
1579 5505 1609 5566 le
1630 5505 1744 5566 ritiene
1765 5523 1829 5567 una
1849 5505 1932 5570 male
1953 5506 2213 5587 interpetrazione
2236 5505 2289 5570 del
2319 5529 2426 5575 voca·

554 5655 627 5717 bolo
647 5653 856 5732 nyctalopas:
884 5676 895 5709 ι
920 5653 1004 5715 idest
1025 5653 1216 5716 adversus...
1239 5671 1378 5715 cananas
1400 5654 1491 5714 uncis
1512 5651 1625 5715 inclusi
1641 5700 1661 5730 „
1674 5671 1748 5714 cum
1768 5653 1847 5715 nibil
1868 5651 1929 5716 nisi
1950 5653 2071 5714 malum
2090 5652 2423 5736 interpretamentum

557 5801 599 5864 sit
622 5799 768 5893 vocabuli
789 5800 983 5880 nyctalopas.
1009 5823 1020 5856 ι
