5454 7104
614 503 681 578 ltu
1244 497 1426 572 cunct
1462 497 1723 574 cnvENSls

556 697 742 784 gastaldei
764 695 951 772 dederunt,
983 698 1021 762 et
1043 695 1112 782 ipsi
1134 694 1279 782 sergius
1303 699 1341 762 et
1364 694 1538 762 iohannes
1561 692 1798 762 fideiussorem
1822 691 1874 759 eis
1897 695 2093 779 posuerunt
2115 697 2273 777 sergium
2295 694 2413 762 lilium

556 851 734 941 quondam
757 851 918 927 landulfi,
944 849 1007 938 qui
1037 849 1307 938 cognominatus
1333 851 1389 916 est
1411 849 1561 924 curiale,
1586 851 1624 914 et
1646 848 1712 934 ipsi
1738 845 1803 916 alii
1825 845 2067 914 fideiussorem
2090 849 2285 931 posuerunt
2311 865 2411 920 man·

556 1026 675 1077 sonem
698 1007 811 1074 fllium
836 1005 1014 1093 quondam
1036 1003 1177 1093 sergii,
1202 1003 1267 1092 qui
1295 1003 1570 1089 cognominatus
1593 1005 1648 1070 est
1669 1002 1907 1078 cackabellu‚
1946 1005 1983 1068 et
2005 1019 2069 1088 per
2092 1000 2207 1088 ipsam
2229 1001 2396 1088 guadiam

558 1162 809 1250 obligaverunt
830 1179 868 1229 se
891 1164 928 1228 et
949 1179 1031 1230 suos
1054 1161 1204 1228 heredes
1223 1207 1232 1237 ‚
1269 1159 1299 1226 si
1322 1159 1572 1246 suprascripta
1595 1159 1651 1224 vel
1675 1175 1720 1224 ex
1744 1161 1796 1224 eis
1819 1155 2010 1242 quicquam
2033 1173 2215 1224 removere
2237 1157 2302 1224 aut
2324 1175 2412 1224 con·

558 1316 736 1384 tradicere
759 1315 1051 1402 presumpserint,
1065 1317 1113 1390 et,
1128 1313 1222 1382 sicut
1243 1311 1408 1399 superius
1431 1312 1579 1398 legitur,
1593 1330 1665 1380 non
1679 1309 1965 1396 adimpleverint,
1991 1327 2202 1396 componere
2219 1310 2306 1395 ipsis
2324 1329 2410 1378 urso

555 1473 594 1538 et
614 1465 763 1537 iohanni
786 1471 823 1535 et
847 1468 991 1536 illorum
1016 1467 1208 1536 heredibus
1232 1469 1379 1534 centnm
1407 1465 1488 1533 auri
1511 1465 1641 1533 solidos
1664 1463 1979 1541 constantinianus,
1997 1467 2034 1532 01
2054 1463 2148 1532 sicut
2169 1463 2332 1560 superius
2354 1464 2413 1532 10-
2525 1543 2530 1548 ,

555 1625 665 1710 gitur,
690 1623 896 1710 adimplere.
922 1623 1176 1691 Veruntamen
1199 1619 1469 1706 suprascriptas
1493 1637 1551 1686 res
1574 1617 1642 1705 ipsi
1663 1635 1784 1686 omnes
1806 1618 2041 1706 suprascripti
2064 1621 2101 1686 et
2124 1619 2269 1688 illorum
2300 1621 2408 1686 here·

555 1781 629 1860 des,
654 1782 748 1850 sicut
770 1779 1052 1867 suprascriptum
1076 1779 1143 1854 est,
1162 1777 1323 1844 habeant
1346 1793 1427 1840 cum
1452 1773 1528 1840 viee
1551 1773 1595 1840 de
1619 1772 1686 1842 viis
1708 1772 1795 1848 suis,
1812 1777 1849 1840 et
1871 1773 1966 1840 inter
1989 1772 2148 1862 virgulas
2170 1773 2262 1859 legit
2284 1777 2390 1859 gutli.

557 1939 602 2004 111
623 1935 748 2004 1011101
772 1939 806 2001 10
830 1933 1021 2002 iohannem
1046 1931 1226 2000 notarium
1252 1928 1412 1996 scrivere
1436 1927 1593 2014 precepi.

602 2089 630 2182 †
654 2093 728 2176 Ego
751 2089 811 2176 qui
835 2108 944 2175 supra
967 2088 1138 2155 iohannes
1163 2085 1286 2152 Iudex.

1361 2465 1568 2577 Meno

1331 2721 1390 2794 A.
1418 2716 1475 2792 o.
1506 2711 1620 2788 1051

598 2951 625 3044 †
649 2955 686 3020 111
710 2954 851 3022 nomine
874 2955 1007 3022 domini
1032 2955 1215 3042 trigesimo
1252 2957 1360 3024 tertio
1386 2975 1481 3024 anno
1504 2957 1726 3045 principatus
1749 2959 1867 3026 domni
1903 2957 2014 3025 nostri
2037 2957 2235 3024 Guaimarii
2258 2954 2410 3043 gloriosi

551 3107 733 3196 principis,
750 3111 788 3176 et
810 3109 1057 3178 tertiodecimo
1081 3130 1174 3210 anno
1198 3111 1355 3178 ducatus
1379 3109 1456 3177 cius
1480 3111 1630 3188 amalfis,
1648 3114 1684 3178 et
1706 3109 1911 3179 duodecimo
1935 3129 2029 3178 011110
2052 3110 2202 3178 ducatus
2225 3109 2325 3178 illius
2342 3109 2411 3176 sir-

552 3260 658 3336 renti‚
683 3264 721 3328 et
741 3261 877 3332 decimo
900 3283 994 3332 anno
1019 3264 1240 3351 principatus
1272 3267 1309 3331 et
1337 3261 1499 3351 ipsorum
1522 3265 1713 3333 ducatuum
1736 3265 1855 3332 domni
1878 3265 1999 3351 gisultl
2021 3264 2145 3333 eximii
2168 3265 2340 3352 principis
2367 3268 2414 3338 ¹et

552 3415 651 3484 ducis
675 3416 739 3484 11111
762 3419 863 3502 eius,
891 3436 1018 3485 mense
1042 3422 1148 3493 maio,
1174 3421 1306 3506 quarta
1329 3417 1537 3488 indictione.
1563 3421 1637 3506 Ego
1661 3421 1861 3487 Adellerius
1883 3419 2034 3488 clericus
2059 3420 2347 3507 Archipresbiter
2369 3425 2409 3490 et

558 3573 670 3640 dbbas
696 3570 843 3639 ecclesie
866 3574 979 3640 sancti
1006 3573 1182 3648 maximi,
1209 3591 1279 3659 que
1302 3575 1517 3640 constructa
1540 3575 1595 3639 est
1618 3573 1716 3640 intra
1739 3576 1832 3641 hanc
1856 3575 2067 3650 civitatem,
2104 3573 2165 3662 qui
2188 3591 2267 3641 sum
2293 3593 2406 3641 unum

552 3745 598 3794 011
622 3725 707 3803 11110,
733 3726 860 3814 quibus
884 3725 961 3812 ipsa
984 3725 1137 3794 eeclesia
1160 3725 1331 3814 pertinet,
1362 3728 1447 3793 ante
1470 3726 1686 3812 subscriptos
1709 3730 1836 3804 testes,
1862 3747 1926 3815 per
1948 3728 2235 3796 convenientiam
2263 3725 2398 3796 tradidi

549 3880 668 3968 potoni
692 3881 915 3950 molinatoris
939 3881 1011 3948 lilio
1040 3881 1218 3968 quondam
1250 3881 1323 3949 ursi
1354 3883 1535 3968 integrum
1560 3883 1742 3960 molinum,
1760 3883 1852 3970 quod
1876 3883 2031 3970 pertinet
2054 3883 2120 3970 ipsi
2145 3883 2290 3950 ecclesie
2314 3881 2405 3950 soris

553 4035 621 4101 hac
644 4033 800 4110 civitate,
826 4035 918 4122 quod
941 4038 1182 4103 constructum
1207 4039 1262 4102 est
1288 4033 1327 4102 in
1352 4035 1460 4102 fluvio
1484 4035 1603 4114 lirino,
1621 4054 1702 4102 cum
1726 4035 1827 4102 molis
1850 4039 1886 4100 01
1910 4035 2124 4110 serraturis,
2143 4038 2180 4102 01
2202 4037 2393 4104 arcaturiis

553 4185 641 4267 eius,
667 4191 805 4256 etcum
830 4189 934 4256 isclis
956 4189 1045 4267 eius,
1070 4193 1208 4257 etcum
1231 4189 1399 4257 omnibus
1423 4189 1500 4256 eius
1524 4187 1750 4275 pertinentiis
1775 4236 1783 4264 ‚
1806 4187 1962 4274 qualiter
1984 4187 2100 4274 ipsum
2125 4191 2297 4258 molinum
2320 4209 2400 4277 per-

551 4347 641 4416 lecte
664 4307 852 4412 macenare
877 4343 1061 4430 potuerit,
1088 4352 1125 4411 et
1148 4344 1307 4432 qualiter
1330 4343 1421 4411 illud
1448 4361 1558 4432 usque
1583 4362 1676 4410 nunc
1701 4341 1880 4410 molitores
1904 4345 2126 4422 terruerunt,
2151 4343 2244 4431 quod
2269 4345 2401 4412 dictum

552 4504 632 4576 est,
668 4518 748 4568 cum
772 4499 873 4568 molis
898 4499 997 4568 bonis
1020 4503 1058 4567 et
1082 4499 1287 4567 terraturiis
1316 4499 1415 4566 bonis
1440 4498 1612 4565 conciatis
1635 4497 1759 4564 taliter
1782 4495 1871 4564 illud
1902 4497 1935 4563 ei
1960 4496 2118 4574 tradidi,
2156 4501 2196 4566 ut
2219 4498 2345 4566 amodo
2368 4503 2407 4566 et

554 4671 663 4740 usque
688 4673 796 4722 unum
822 4673 956 4722 annum
983 4653 1210 4740 completum,
1230 4654 1270 4720 ut
1293 4669 1330 4718 se
1354 4651 1531 4738 compleat
1553 4650 1591 4718 in
1619 4651 1747 4720 ultima
1769 4650 1827 4719 die
1850 4651 1893 4720 de
1909 4652 2151 4738 suprascripto
2175 4670 2294 4720 mense
2310 4651 2406 4720 maio

552 4808 627 4875 tota
649 4807 892 4893 suprascripta
915 4806 1108 4876 traditione
1133 4805 1194 4872 ille
1218 4803 1357 4872 eteius
1383 4803 1532 4904 heredes
1554 4821 1616 4872 sue
1639 4804 1823 4892 potestatis
1847 4808 2011 4874 tenerent
2034 4808 2070 4872 et
2090 4805 2329 4882 1011111010111,
2349 4807 2399 4874 lo·

553 4980 636 5030 veas
659 4965 695 5028 et
717 4977 838 5028 ornnes
861 4980 946 5030 suas
973 4960 1148 5029 utilitates
1172 4961 1267 5030 iusta
1291 4959 1434 5028 ratione
1458 4959 1507 5026 ibi
1532 4957 1850 5036 10010111,011110111
1876 4962 1912 5026 et
1935 4963 2072 5027 noctem
2091 4959 2207 5046 ipsum
2230 4959 2401 5028 molinum

554 5115 748 5190 meminere,
776 5117 815 5180 ut
841 5115 972 5182 iustum
996 5115 1117 5190 luerit,
1143 5114 1289 5184 10010111.
1317 5117 1361 5182 Et
1385 5113 1914 5202 01’,011011,011011,1101110110111
1938 5114 2121 5182 arcaturia
2137 5115 2248 5201 ipsius
2281 5115 2405 5182 molini

553 5267 718 5353 disrupta
741 5267 863 5344 luerit,
891 5272 975 5336 tunc
999 5287 1077 5355 ego,
1095 5271 1153 5338 vel
1176 5287 1396 5336 successoros
1420 5269 1503 5346 11101,
1522 5272 1585 5335 aut
1608 5287 1691 5355 pars
1715 5267 1882 5336 iamdicta
1905 5267 2052 5336 ecclesie
2075 5287 2139 5355 per
2165 5287 2288 5337 omnes
2312 5271 2408 5336 vices

552 5422 629 5508 ipsa
656 5421 839 5488 arcaturis
862 5421 1026 5488 conciare
1050 5423 1249 5497 faciamus,
1276 5424 1316 5488 ut
1339 5419 1454 5507 ipsum
1481 5420 1651 5488 molinum
1675 5422 1764 5488 bene
1787 5421 1954 5488 macinet:
1979 5421 2113 5508 etipse
2136 5424 2239 5508 potus
2262 5425 2299 5488 et
2324 5421 2402 5490 eius

548 5575 699 5676 ¹heredes
722 5574 849 5644 ibidem
874 5593 953 5642 011111
979 5575 1179 5644 bominibus
1191 5577 1228 5642 01
1243 5573 1478 5642 mercenariis
1501 5575 1574 5642 suis
1590 5592 1653 5662 per
1676 5593 1797 5642 omnes
1820 5576 1914 5642 vices
1937 5575 1986 5642 ibi
2003 5575 2189 5654 adiubent,
2209 5577 2248 5642 ut
2271 5575 2403 5642 iustum

552 5728 673 5806 suerit,
699 5729 744 5796 ad
768 5727 1017 5796 conciandum.
1044 5729 1088 5794 Et
1111 5728 1141 5796 si
1165 5730 1256 5797 111010
1280 5733 1488 5815 consumpte
1513 5729 1671 5808 suerint,
1712 5733 1752 5796 ut
1774 5729 1887 5816 ipsum
1912 5730 2196 5810 molinumbene
2220 5729 2405 5797 nracinare
