5454 7104
1263 539 1442 634 ooosx
1479 538 1741 614 cuvuusrs

1380 772 1612 854 MCLIX

1356 989 1414 1064 A.
1442 987 1499 1060 D.
1528 985 1641 1060 1051
1746 1025 1751 1032 ·

629 1223 656 1312 †
681 1224 718 1288 ln
743 1222 885 1288 nomine
908 1221 1043 1288 domini
1067 1220 1247 1288 tricesimo
1272 1224 1401 1307 quarto
1425 1239 1518 1288 anno
1541 1219 1765 1305 principatus
1799 1215 1917 1282 domni
1943 1215 2055 1282 nostri
2085 1215 2267 1282 Guaimari
2291 1214 2440 1300 gloriosi

584 1377 770 1464 principis,
787 1381 825 1443 et
849 1376 1092 1443 tertiodecimo
1115 1395 1209 1444 anno
1233 1375 1383 1443 ducatus
1399 1378 1476 1444 eius
1493 1375 1640 1442 Amalils
1663 1377 1700 1440 et
1718 1371 1879 1447 sirrenti‚
1898 1375 1934 1436 et
1949 1371 2085 1437 decimo
2109 1389 2203 1437 anno
2219 1369 2442 1455 principatus

587 1537 625 1599 et
648 1533 805 1620 ipsorum
830 1531 1024 1598 ducatuum
1049 1532 1168 1598 domni
1192 1533 1312 1618 gisulfi
1335 1532 1461 1599 eximii
1486 1530 1659 1617 principis
1683 1531 1719 1595 et
1742 1527 1842 1594 ducis
1865 1525 1929 1592 filii
1952 1525 2055 1600 eius,
2082 1543 2201 1592 mense
2225 1527 2439 1611 septembre,

587 1689 714 1775 quinta
739 1687 945 1754 indictione.
966 1689 1058 1753 Anto
1083 1706 1138 1754 me
1156 1687 1348 1754 Iohannem
1366 1687 1521 1754 Iudicem
1545 1688 1813 1753 castelmannus
1827 1703 1944 1752 comes
1967 1683 2063 1750 filius
2087 1683 2262 1771 quondam
2279 1683 2442 1752 adelferii

589 1842 729 1909 comitis
752 1843 964 1908 coniunctus
987 1847 1041 1909 est
1063 1861 1143 1908 cum
1167 1840 1349 1908 ademario
1372 1841 1445 1907 filio
1468 1842 1645 1928 quondam
1670 1839 1763 1928 petri
1786 1839 1920 1914 clerici,
1946 1840 2081 1924 etipse
2105 1839 2307 1906 ademarius
2330 1839 2439 1906 clari-

588 1999 707 2067 ficavit
729 2017 767 2065 se
791 2000 924 2082 habere
948 2001 1082 2064 terram
1106 2017 1187 2064 cum
1211 2017 1296 2066 casa
1318 1998 1496 2066 fabricata
1519 1997 1678 2066 solarata
1702 1997 1800 2065 intra
1834 2000 1928 2064 hanc
1959 1995 2220 2064 salernitanam
2254 1995 2438 2062 civitatem

588 2156 711 2220 subter
734 2153 855 2238 platea
878 2170 947 2237 que
969 2151 1069 2218 ducit
1084 2153 1209 2222 subtus
1224 2151 1412 2218 ecclesiam
1436 2150 1552 2218 sancti
1568 2151 1731 2228 maximi,
1758 2170 1865 2238 quam
1882 2150 1977 2217 dixit
1992 2168 2068 2216 esse
2084 2168 2148 2236 per
2164 2150 2262 2215 lines.
2291 2151 2319 2214 Α
2337 2151 2440 2234 parte

591 2305 752 2372 meridiei
776 2304 881 2370 fluem
908 2310 1006 2371 terra
1030 2323 1110 2370 cum
1135 2323 1220 2370 casa
1243 2303 1354 2390 ipsius
1377 2304 1629 2371 castelmanni:
1655 2324 1677 2370 a
1701 2307 1804 2390 parte
1819 2301 2013 2370 occidentis
2036 2303 2105 2369 fine
2122 2303 2298 2376 anditum,
2317 2301 2355 2368 in
2371 2321 2441 2389 quo

544 2442 549 2454 ’
589 2457 809 2526 stillicidium
835 2457 944 2544 ipsius
961 2475 1048 2532 ¹case
1073 2456 1162 2532 fluit,
1187 2459 1225 2522 et
1247 2456 1285 2522 in
1308 2475 1377 2541 quo
1401 2457 1501 2523 scala
1525 2456 1647 2542 lignea
1670 2455 1785 2543 posita
1808 2461 1877 2532 est,
1904 2454 2108 2522 latitudinis
2131 2455 2260 2540 pedum
2285 2423 2436 2523 duorum

589 2617 626 2678 et
649 2612 771 2698 planto
795 2629 875 2678 cum
899 2609 1040 2696 pollice·
1066 2630 1088 2678 a
1111 2611 1214 2695 parte
1236 2611 1502 2697 septemtrionis
1524 2611 1631 2676 finem
1655 2614 1789 2677 terram
1814 2629 1894 2676 cum
1918 2627 2001 2676 casa
2026 2609 2136 2696 ipsius
2152 2609 2403 2677 castelmanni:
2419 2630 2442 2676 a

592 2769 697 2851 parte
721 2764 870 2832 orientis
894 2763 1062 2830 similiter
1085 2763 1191 2831 finem
1215 2767 1347 2830 terram
1371 2782 1452 2830 cum
1476 2782 1560 2830 casa
1584 2745 1696 2849 ipsius
1719 2763 1969 2830 castelruanni.
1997 2765 2041 2828 Et
2062 2763 2218 2830 ostendit
2248 2763 2337 2831 duas
2360 2785 2441 2832 car-

592 2919 687 2984 tulas
709 2937 755 2984 ex
779 2918 858 3003 ipsa
882 2921 982 2984 terra
1005 2935 1085 2983 cum
1109 2935 1193 2984 casa
1216 2918 1442 2983 continentes
1467 2917 1621 3003 scriptas
1645 2935 1709 3002 per
1732 2909 1936 3003 iaquintu'm
1954 2918 2147 2983 notarium.
2174 2918 2287 2984 Unam
2305 2919 2448 2985 tricesi-

592 3093 647 3140 mo
670 3075 794 3140 octabu
818 3091 911 3138 anno
936 3045 1159 3156 principatus
1183 3071 1300 3138 domni
1324 3069 1533 3156 guaimarii,
1550 3073 1587 3136 ot
1611 3091 1702 3137 nono
1726 3089 1821 3138 anno
1844 3070 2082 3156 suprascripti
2106 3070 2227 3137 domni
2250 3072 2447 3158 guaimarii

594 3228 672 3293 eius
697 3225 773 3300 filii,
800 3241 925 3295 mense
943 3224 1146 3300 december,
1172 3221 1311 3290 decima
1335 3221 1555 3298 indictione,
1582 3219 1678 3288 et'in
1701 3240 1746 3289 ea
1767 3223 1985 3308 subscriptus
2010 3223 2295 3309 ragemprandus
2321 3225 2444 3292 iudex.

595 3381 757 3446 Alteram
782 3379 1010 3446 nonodecimo
1033 3397 1127 3445 anno
1150 3377 1373 3464 principatus
1396 3377 1632 3464 suprascripti
1656 3377 1777 3444 domni
1801 3378 1915 3445 nostri
1940 3378 2137 3463 guaimarii
2171 3380 2319 3464 gloriosi
2344 3380 2445 3466 prin-

595 3534 685 3621 cipis
708 3533 771 3600 filii
796 3529 905 3618 ipsius
927 3531 1047 3598 domni
1069 3529 1278 3616 guaimarii,
1296 3549 1415 3596 mense
1439 3531 1640 3608 ianuarias,
1659 3532 1786 3619 quinta
1809 3532 2017 3608 indictione,
2035 3535 2072 3600 et
2096 3533 2135 3599 in
2158 3552 2201 3600 ea
2216 3535 2442 3620 subscriptus

599 3691 740 3755 amatus
765 3685 886 3752 iudex.
927 3688 971 3751 Et
994 3685 1184 3771 sicutipse
1208 3685 1390 3753 ademario
1414 3706 1614 3771 congruum
1638 3686 1719 3762 fuit,
1744 3705 1810 3753 sua
1834 3687 2017 3752 voluntate
2055 3687 2238 3772 perhanc
2262 3691 2443 3773 cartulam

599 3842 758 3911 vendidit
781 3842 847 3927 ipsi
873 3843 1117 3908 casteimanno
1140 3840 1322 3928 integram
1345 3843 1630 3930 suprascriptam
1654 3845 1789 3908 terram
1824 3861 1906 3908 cum
1929 3861 2014 3909 casa
2049 3861 2114 3928 per
2145 3844 2334 3910 iamdictas
2357 3845 2449 3911 fines

596 4015 678 4064 cum
702 3997 864 4062 omnibus
888 4015 956 4082 que
981 3996 1079 4062 intra
1102 4013 1182 4063 eam
1205 3997 1301 4072 sunt,
1327 3999 1537 4083 cunctisque
1560 3998 1638 4064 eius
1661 3999 1890 4084 pertinentiis
1914 4002 2055 4065 etcum
2078 3997 2156 4084 ipsa
2178 4001 2279 4066 scala
2302 4002 2339 4064 et
2355 3999 2445 4066 iam·

599 4149 692 4216 dicto
716 4148 913 4226 stillicidio,
938 4151 1078 4215 etcum
1103 4149 1179 4216 vice
1203 4149 1246 4216 de
1270 4151 1346 4238 ipso
1369 4151 1506 4227 andito,
1532 4154 1671 4219 etcum
1695 4152 1947 4238 suprascriptis
1971 4153 2136 4226 cartulis;
2162 4169 2205 4218 ea
2229 4152 2382 4226 ratione,
2410 4153 2452 4218 ut

599 4323 740 4389 semper
763 4303 810 4370 sit
832 4303 871 4370 in
894 4305 1070 4390 potestate
1093 4304 1205 4392 ipsius
1227 4306 1465 4372 castelmanni
1489 4311 1525 4373 ct
1548 4307 1720 4372 heredum
1744 4281 1839 4382 eius,
1865 4311 1901 4372 ct
1923 4306 2035 4374 liceat
2057 4305 2161 4372 illum
2186 4310 2222 4373 et
2245 4305 2323 4372 eius
2350 4307 2477 4388 here-⁸

600 4459 662 4527 des
685 4461 728 4526 de
752 4479 792 4525 eo
817 4461 935 4526 facere
961 4459 1053 4546 quod
1077 4461 1267 4527 voluerint.
1309 4461 1353 4527 Et
1375 4464 1524 4546 propter
1548 4459 1853 4527 confirmationem
1879 4459 1985 4526 huius
2021 4459 2233 4527 venditionis
2272 4459 2348 4544 ipse
2371 4461 2457 4528 ade-

601 4615 737 4681 marius
760 4611 915 4701 suscepit
939 4618 983 4682 ab
1007 4613 1083 4700 ipso
1107 4614 1352 4682 castelmanno
1375 4616 1550 4681 statutum
1573 4606 1729 4700 pretium
1754 4613 1836 4680 auri
1859 4613 1989 4681 solidos
2013 4615 2280 4701 quinquaginta
2318 4615 2387 4682 duo
2414 4620 2453 4683 in

606 4768 702 4835 omni
726 4768 995 4835 deliveratione.
1023 4772 1067 4836 Et
1090 4789 1153 4854 per
1177 4764 1461 4837 convenientiam
1486 4768 1562 4856 ipse
1586 4769 1789 4837 ademarius
1820 4768 1956 4856 guadia
1978 4768 2046 4854 ipsi
2072 4769 2316 4835 castelmanno
2341 4769 2453 4846 dedit,

603 4925 640 4989 et
661 4922 903 4990 fideiussorem
928 4923 961 4988 ei
985 4923 1102 5009 posuit
1117 4922 1280 4990 alferium
1306 4924 1543 5008 presbiterum
1567 4924 1680 4991 filium
1697 4923 1875 5009 quondam
1893 4919 2073 4988 iohannis.
2098 4923 2142 4988 Et
2157 4939 2221 5006 per
2237 4921 2350 5008 ipsam
2365 4941 2456 5007 gua·

609 5075 705 5143 diam
731 5075 908 5161 obligavit
929 5095 967 5143 se
990 5080 1028 5142 et
1050 5095 1131 5144 suos
1154 5077 1305 5144 heredes
1328 5095 1468 5162 semper
1491 5077 1682 5144 defendere
1706 5075 1774 5161 ipsi
1797 5075 2043 5141 castelmanno
2082 5076 2118 5139 et
2141 5073 2239 5139 ill-ius
2263 5075 2458 5142 heredibus

605 5230 786 5315 integram
810 5231 1092 5318 suprascriptam
1131 5231 1370 5299 venditionem
1395 5235 1441 5300 ab
1463 5233 1627 5300 omnibus
1661 5231 1863 5298 hominibus
1886 5246 1929 5295 ea
1953 5229 2119 5305 ratione,
2148 5232 2187 5294 ut
2221 5231 2358 5315 quando
2382 5229 2458 5318 ipse

605 5385 872 5451 castelmannus
896 5385 1032 5451 eteius
1057 5385 1205 5452 heredes
1228 5385 1344 5473 ipsum
1369 5359 1591 5454 ademarium
1630 5387 1766 5452 eteius
1789 5385 1939 5452 heredes
1963 5383 2166 5452 defensores
2183 5385 2226 5450 de
2251 5403 2295 5451 ea
2318 5385 2456 5451 habere

608 5535 833 5623 quesierint,
874 5557 938 5624 per
960 5557 1082 5606 omnes
1105 5539 1200 5606 vices
1223 5541 1310 5607 dent
1332 5541 1384 5607 eis
1407 5541 1673 5627 suprascriptas
1695 5539 1853 5606 cartulas
1875 5539 1995 5605 salbas
2018 5537 2200 5604 habendas
2235 5557 2300 5624 per
2333 5555 2459 5604 omnes

607 5689 701 5756 vices
724 5689 846 5758 diebus
869 5691 1073 5778 sexaginta.
1099 5693 1145 5759 Et
1167 5710 1229 5778 per
1252 5711 1374 5760 omnes
1399 5693 1494 5760 vices
1517 5693 1594 5779 ipse
1619 5691 1821 5760 ademarius
1844 5691 1980 5759 eteius
2005 5691 2157 5759 heredes
2172 5693 2455 5779 suprascriptam

605 5843 847 5912 venditionem
873 5845 940 5932 ipsi
965 5846 1209 5914 castelmanno
1232 5848 1270 5912 et
1292 5845 1389 5912 illius
1413 5846 1631 5922 heredibus,
1657 5845 1751 5914 sicut
1771 5847 2054 5932 suprascriptum
2078 5853 2153 5926 est,
2179 5847 2382 5916 defendant.
2410 5849 2456 5913 Et
