5452 7108
645 527 689 598 30
1279 528 1451 602 CODEX
1488 515 1754 602 Onvuusls

592 722 695 792 dibus
718 725 863 813 integra
885 726 1093 811 supradicta
1117 729 1240 794 nostra
1263 725 1499 805 bendictione,
1525 745 1605 793 cum
1630 725 1706 793 bice
1728 725 1771 793 de
1796 726 1856 794 bia
1879 743 1956 804 sua,
1974 724 2020 792 da
2042 723 2156 791 omnis
2179 723 2314 790 omines
2336 723 2458 791 omni-

592 899 660 968 que
683 880 856 968 partibus
882 881 1023 968 quando
1046 884 1166 950 autem
1192 900 1251 948 vos
1274 880 1436 948 iamdicti
1460 880 1624 966 germani
1647 884 1683 948 et
1706 881 1834 950 vestris
1849 880 2013 949 eredibus
2036 879 2079 946 de
2102 879 2310 967 supradicta
2325 882 2450 947 nostra

591 1033 793 1101 venditione
815 1052 880 1120 per
904 1054 963 1105 vos
986 1035 1073 1122 ipsis
1098 1035 1300 1102 defensores
1324 1053 1441 1102 essere
1465 1035 1662 1112 nolueritis,
1680 1037 1889 1123 potestatem
1905 1035 2054 1104 abeatis
2073 1034 2229 1122 qualiter
2247 1035 2451 1102 bolueritis

590 1192 636 1256 Et
656 1189 688 1256 si
703 1189 827 1256 taliter
849 1190 970 1258 omnia
984 1191 1231 1278 suprascripta
1253 1209 1317 1257 nos
1332 1193 1370 1257 et
1385 1191 1515 1258 nostris
1531 1190 1707 1270 eredibus,
1722 1191 1819 1258 vobis
1836 1191 2033 1279 vestrisque
2048 1190 2225 1267 eredibus‚
2253 1210 2322 1258 non
2339 1190 2453 1257 adim·

589 1343 806 1430 pleberimus
830 1348 867 1411 et
888 1347 1147 1433 suprascripta,
1173 1347 1229 1412 vel
1253 1364 1298 1412 ex
1323 1347 1375 1414 eis
1399 1349 1592 1434 quicquam
1616 1350 1798 1415 remobere
1822 1349 1886 1414 aut
1908 1348 2074 1452 contrare
2097 1345 2358 1434 quesierimus,
2384 1362 2455 1431 per

587 1497 665 1584 ipsa
688 1499 822 1582 guadia
845 1518 1057 1586 componere
1080 1501 1320 1587 obligabimus
1344 1519 1407 1567 nos
1431 1504 1468 1568 et
1491 1501 1622 1569 nostris
1645 1499 1810 1569 eredibus
1834 1500 1931 1567 vobis
1954 1499 2115 1566 iamdicti
2139 1501 2233 1585 petri
2263 1501 2300 1565 et
2323 1501 2450 1577 amati,

589 1652 695 1720 etad
719 1652 847 1720 vestris
871 1654 1061 1731 eredibus,
1088 1653 1217 1740 biginti
1241 1655 1322 1722 auri
1345 1653 1474 1722 solidos
1498 1655 1815 1725 constantinianus
1844 1656 2101 1722 Verumtamen
2124 1673 2165 1720 oc
2190 1673 2451 1732 memoramus,

589 1805 675 1892 quia
698 1808 776 1894 ipsa
798 1808 1044 1896 suprascripta
1066 1809 1169 1896 pecia
1191 1811 1235 1878 de
1258 1813 1358 1878 terra
1382 1831 1463 1878 cum
1487 1812 1626 1898 pastino
1650 1813 1687 1878 et
1702 1813 1865 1888 bacuum,
1880 1829 1944 1896 per
1967 1808 2171 1895 supradicte
2193 1807 2273 1876 finis
2297 1811 2333 1874 et
2349 1827 2448 1876 men·

588 1961 700 2040 suria,
726 1963 823 2030 vobis
847 1965 1137 2033 venumdedinrus
1160 1968 1197 2032 et
1219 1965 1508 2032 confirmabimus
1527 2014 1535 2042 ,
1560 1983 1640 2032 cum
1664 1964 1750 2031 illut
1772 1963 1865 2050 quod
1888 1965 1942 2030 est
1965 1962 2061 2030 inira
2084 1961 2158 2047 ipse
2181 1960 2261 2028 finis
2285 1962 2321 2026 et
2347 1977 2454 2026 men-

588 2117 712 2196 surie,
738 2137 807 2206 que
830 2118 905 2205 ipse
927 2119 1070 2205 genitor
1093 2122 1213 2189 noster
1236 2119 1349 2206 ipsius
1373 2119 1527 2204 aleghisi
1550 2119 1705 2205 genitori
1729 2120 1846 2185 vestro
1869 2115 2069 2184 tradiderat
2099 2117 2135 2180 et
2157 2114 2449 2189 confirmaberat,

588 2272 634 2340 ad
657 2273 833 2340 abendum
856 2273 941 2340 illut
963 2293 1024 2341 vos
1048 2277 1084 2340 et
1108 2273 1236 2341 vestris
1261 2273 1479 2350 heredibus,
1505 2275 1541 2340 et
1564 2271 1765 2340 faciendum
1788 2269 1919 2336 exinde
1941 2269 2061 2336 omnia
2084 2287 2152 2356 que
2178 2267 2360 2334 bolueritis
2383 2285 2448 2352 per

445 2495 450 2506 ,
588 2425 759 2494 iamdicta
780 2426 914 2512 guadio
937 2428 974 2493 et
996 2427 1157 2512 obligata
1180 2445 1285 2513 pena.
1314 2429 1365 2493 ut
1389 2425 1513 2492 taliter
1536 2423 1692 2492 scribere
1716 2421 1921 2508 rogabimus
1944 2425 1979 2488 te
2003 2421 2168 2489 alderissi
2184 2421 2364 2489 notarium
2388 2419 2449 2508 qui

588 2579 751 2648 interfui.

633 2730 661 2822 †
684 2733 758 2818 Ego
782 2751 885 2800 ursus
909 2753 964 2800 me
988 2735 1182 2820 subscripsi

631 2884 756 2977 †Ego
780 2887 946 2956 alderissi
970 2888 1133 2956 notarius
1157 2905 1213 2954 me
1236 2885 1446 2955 subscribsi.

1394 3303 1666 3394 MLXXV

1371 3582 1431 3657 A.
1459 3580 1517 3656 D.
1545 3583 1670 3658 1047

631 3782 659 3874 †
682 3785 721 3852 ln
744 3783 886 3852 nomine
909 3783 1044 3852 domini
1067 3783 1234 3852 vicesimo
1250 3803 1343 3852 nono
1367 3803 1462 3852 anno
1485 3783 1710 3870 principatus
1732 3783 1875 3850 salerno
1890 3781 2010 3850 domni
2031 3783 2144 3850 nostri
2159 3781 2354 3868 guaimarii
2370 3785 2450 3869 glo-

589 3893 682 4005 riosi
697 3939 883 4026 principie,
908 3942 946 4042 et
967 3942 1092 4008 ociabo
1116 3959 1210 4008 anno
1234 3941 1387 4008 ducatus
1410 3939 1487 4006 eius
1510 3940 1631 4008 amalfi
1654 3943 1690 4005 et
1712 3938 1873 4016 sirrenti,
1898 3941 1935 4004 et
1958 3937 2082 4026 quinto
2106 3957 2199 4004 anno
2222 3938 2454 4025 suprascrip-

589 4096 706 4162 torum
718 4094 960 4181 principatum
972 4054 1210 4163 etducatuum
1223 4094 1344 4163 domni
1357 4095 1473 4182 gisolfi
1486 4095 1610 4161 eximii
1627 4093 1800 4180 principis
1815 4095 1851 4159 et
1866 4092 1966 4160 ducis
1977 4093 2042 4160 filii
2058 4092 2147 4171 elue,
2162 4097 2281 4160 Mense
2298 4092 2448 4180 ApriliS,

587 4249 852 4336 quintadecima
875 4249 1081 4318 indictione.
1107 4250 1201 4318 Ante
1228 4269 1284 4317 me
1309 4253 1470 4317 amatum
1496 4248 1649 4316 iudicem
1668 4249 1802 4316 Urania
1825 4249 2091 4317 comitissalilia
2108 4249 2290 4316 Ademarii
2306 4250 2449 4317 comitis

587 4407 624 4471 et
646 4405 774 4472 relicta
797 4407 886 4472 bone
909 4405 1078 4472 memorie
1102 4404 1270 4473 lamberti
1295 4404 1447 4480 comitis,
1466 4407 1500 4470 et
1523 4405 1648 4472 ebulus
1671 4401 1823 4472 clericus
1847 4407 1883 4472 et
1906 4405 2028 4482 abbas,
2054 4407 2090 4471 et
2112 4407 2247 4491 petrus,
2262 4407 2296 4470 et
2311 4405 2450 4472 aleber-

555 4593 558 4600 ·
587 4561 657 4637 tus,
682 4562 718 4626 et
740 4559 947 4627 landoarius
970 4560 1158 4628 comitibus
1180 4559 1346 4645 germani
1370 4561 1407 4625 et
1429 4557 1493 4626 filii
1517 4558 1752 4646 suprascripti
1775 4559 1943 4627 lamberti
1966 4558 2105 4626 comitis
2128 4563 2164 4624 et
2189 4557 2336 4634 uranie,
2373 4559 2446 4626 cla-

586 4713 897 4782 riflcaberuntsivi
920 4712 1103 4800 pertinere
1127 4714 1248 4800 plures
1272 4715 1378 4780 rebus
1401 4711 1549 4780 staviles
1572 4713 1658 4780 loris
1681 4714 1828 4794 castello
1851 4713 1943 4781 evoli
1966 4713 2110 4779 illorum
2134 4713 2314 4790 comitato,
2339 4714 2376 4779 et
2398 4710 2448 4779 si-

587 4870 649 4936 cut
669 4868 828 4954 ipsorum
852 4871 968 4935 mater
982 4870 1029 4934 et
1051 4867 1117 4934 dlii
1140 4885 1338 4953 congruum
1363 4871 1418 4935 est
1441 4870 1533 4934 bona
1556 4867 1702 4935 illorum
1726 4867 1927 4944 voluntate,
1957 4883 2021 4952 per
2044 4865 2354 4944 combenientiam,
2380 4885 2446 4954 per

587 5022 680 5088 hanc
703 5021 882 5088 cartulam
906 5039 970 5106 pro
994 5020 1140 5086 illorum
1163 5019 1292 5085 salutis
1316 5019 1448 5096 anime,
1473 5039 1594 5087 coram
1618 5039 1734 5088 meam
1749 5019 1931 5107 presentia
1946 5020 2152 5106 optulerunt
2167 5017 2307 5086 domino
2323 5019 2388 5086 deo
2408 5021 2447 5086 et

587 5175 626 5243 in
648 5176 800 5243 ecclesia
821 5176 966 5244 illorum
989 5175 1248 5264 pertinentem,
1274 5197 1342 5266 que
1367 5181 1572 5246 constructa
1595 5182 1650 5248 est
1673 5179 1758 5248 foris
1781 5182 1874 5248 hano
1897 5180 2043 5248 civitate
2067 5199 2137 5247 non
2161 5179 2314 5248 multum
2338 5181 2447 5268 longe

589 5349 611 5397 a
634 5350 734 5398 mare
757 5331 795 5398 in
818 5331 907 5408 loco,
923 5332 982 5398 ubi
1005 5333 1218 5417 gallucanta
1241 5336 1278 5412 et
1300 5333 1489 5418 petralene
1512 5332 1656 5412 dicitur,
1682 5333 1728 5400 ad
1750 5353 1894 5401 onorem
1919 5334 2114 5402 beatissimi
2137 5334 2281 5419 nikolay
2312 5335 2448 5402 conses-

588 5483 678 5551 soris
701 5483 816 5570 adque
840 5483 1028 5570 pontificis,
1055 5485 1177 5571 inqua
1199 5485 1306 5572 praxi
1331 5483 1509 5571 presbiter
1531 5489 1568 5552 et
1583 5487 1776 5554 monachus
1792 5490 1829 5554 et
1843 5488 1953 5554 abbas
1970 5486 2130 5572 regimen
2147 5490 2269 5555 tenere
2285 5473 2449 5555 videtui-o

587 5636 767 5724 integram
792 5630 900 5706 unam
916 5638 1055 5725 peciam
1080 5639 1124 5706 de
1148 5641 1248 5706 terra
1271 5658 1395 5716 vacua,
1421 5659 1489 5728 que
1512 5641 1658 5709 illorum
1682 5645 1798 5710 mater
1821 5643 1858 5708 et
1879 5641 1945 5709 filii
1960 5643 2068 5709 abere
2083 5642 2252 5728 pertinet,
2272 5641 2357 5710 soris
2374 5643 2442 5729 ips,

585 5795 736 5860 castello
759 5792 864 5869 eboli,
891 5795 950 5861 ubi
974 5794 1117 5881 proprio
1140 5794 1421 5878 crosoevangiba
1442 5793 1599 5872 dicitur,
1624 5813 1693 5882 que
1716 5798 1770 5868 est
1803 5815 1866 5883 per
1890 5813 1929 5862 as
1951 5795 2060 5863 flues:
2094 5798 2123 5862 Α
2158 5798 2261 5881 parte
2294 5795 2451 5864 orientis
