5398 7106
636 454 703 527 tu
1256 457 1432 532 CODEX
1463 461 1738 540 cavensis

585 648 724 736 reliqua
749 647 940 716 medietate
963 650 1063 718 nobis
1086 670 1267 722 aveamus,
1295 656 1339 721 nt
1362 655 1440 740 ipsa
1464 655 1655 724 medietate
1678 657 1722 724 de
1745 656 1820 742 ipso
1845 655 1967 724 vinum
1991 653 2103 740 ipsius
2127 650 2335 720 monasterii
2360 669 2441 737 por-

585 805 699 870 temus
724 805 763 868 at
786 803 973 871 cellarium
990 805 1078 881 eius,
1097 805 1249 893 indeque
1273 810 1309 873 et
1323 809 1462 876 salbum
1486 809 1570 878 illut
1593 830 1807 898 reponamus
1823 811 1860 878 in
1875 827 2088 896 organeum,
2108 825 2211 894 quem
2235 823 2318 892 pars
2333 804 2444 890 ipsius

583 957 795 1024 monasterii
820 957 921 1025 nobis
945 960 1001 1026 vel
1025 960 1070 1027 ad
1095 964 1230 1029 nostros
1255 963 1403 1030 heredes
1426 963 1476 1030 ibi
1499 964 1750 1050 assignaverit,
1765 982 1869 1051 quem
1893 981 1957 1048 per
1973 979 2036 1029 nos
2059 960 2130 1028 siat
2152 977 2291 1045 semper
2309 960 2439 1027 bonum

582 1107 778 1176 studiatum
801 1112 837 1178 et
860 1111 1074 1190 conciatum,
1093 1117 1132 1181 et
1153 1114 1267 1200 ipsum
1292 1115 1438 1183 missum
1454 1119 1491 1182 et
1513 1133 1618 1202 equm
1642 1134 1744 1182 suum
1769 1114 2000 1190 nutricemus‚
2026 1114 2066 1180 ut
2089 1111 2222 1179 iustum
2245 1111 2367 1188 suerit,
2404 1113 2442 1177 et

582 1262 878 1349 palmentaticum
895 1263 978 1331 inde
994 1266 1117 1333 demus
1132 1286 1196 1354 per
1212 1287 1351 1336 omnem
1375 1287 1509 1336 annum
1526 1270 1565 1334 at
1588 1270 1727 1354 partem
1750 1265 1986 1353 suprascripti
2010 1265 2228 1342 monasterii,
2253 1263 2347 1330 sicut
2369 1279 2441 1328 me·

583 1416 710 1484 ruerit.
725 1419 770 1483 Et
792 1419 901 1505 quale
924 1421 1084 1506 tempore
1107 1420 1185 1507 ipsa
1209 1420 1403 1489 traditione
1429 1423 1550 1488 tenere
1574 1419 1808 1496 noluerimus,
1834 1421 1898 1487 aut
1920 1421 2086 1488 lavorare
2110 1437 2182 1486 non
2206 1415 2439 1509 potuerimus,

581 1573 676 1638 Tunc
692 1571 820 1639 inclita
843 1571 921 1659 ipsa
944 1573 1137 1641 traditione
1160 1578 1274 1651 salba,
1293 1580 1330 1642 et
1344 1576 1457 1651 clusa,
1475 1578 1511 1642 et
1533 1578 1694 1662 operata,
1713 1574 1820 1662 quate
1843 1573 2028 1650 meruerit,
2054 1572 2277 1658 assignemus
2300 1573 2340 1636 at
2356 1588 2440 1655 par-

582 1728 654 1793 tem
670 1727 906 1814 suprascripti
929 1727 1150 1808 monasterii,
1168 1733 1204 1796 et
1221 1748 1282 1798 nos
1305 1733 1342 1797 et
1357 1733 1497 1798 nostros
1512 1731 1675 1802 heredes,
1686 1733 1723 1798 et
1737 1729 1909 1806 homines,
1928 1727 2077 1815 quesibi
2093 1726 2309 1800 abuerimus‚
2326 1725 2439 1792 liccat

581 1881 662 1948 inde
686 1880 788 1948 exire
812 1901 892 1950 cum
915 1884 1035 1951 omnia
1057 1899 1167 1952 causa
1190 1888 1312 1952 nostra
1335 1888 1372 1950 et
1386 1884 1486 1953 illius
1509 1884 1667 1962 movilia,
1686 1886 1723 1952 et
1745 1885 1799 1951 ire
1823 1883 1882 1951 ubi
1906 1882 2131 1952 boluerimus.
2158 1881 2257 1949 Unde
2279 1880 2317 1947 in
2333 1898 2374 1946 eo
2391 1879 2435 1946 ti-

581 2052 666 2102 nore
690 2053 754 2121 per
776 2035 1061 2103 convenientiam
1084 2037 1219 2122 guadia
1243 2038 1342 2106 nobis
1366 2037 1464 2106 dedit
1486 2037 1563 2125 ipse
1586 2038 1734 2105 domnus
1757 2038 1868 2105 abbas
1899 2039 1936 2102 et
1957 2034 2162 2103 fideiussore
2197 2034 2296 2101 nobis
2319 2033 2435 2120 posuit

580 2189 753 2256 iohannes
775 2189 869 2256 filius
894 2190 1071 2276 quondam
1097 2193 1246 2258 maionis
1265 2217 1273 2269 ;
1314 2195 1351 2259 et
1373 2211 1437 2278 per
1461 2192 1575 2278 ipsam
1590 2191 1769 2278 guadiam
1792 2187 1967 2276 obligavit
1989 2206 2027 2255 se
2050 2187 2127 2274 ipse
2150 2186 2298 2256 domnus
2322 2188 2435 2254 abbas

581 2344 617 2408 et
640 2361 859 2411 successores
878 2321 963 2411 suos
986 2363 1126 2432 semper
1149 2346 1338 2413 defendere
1362 2346 1462 2414 nobis
1486 2347 1687 2432 nostrisque
1710 2344 1900 2412 heredibus
1923 2333 2050 2412 inclita
2085 2340 2329 2427 suprascripta
2361 2341 2435 2405 tra·

579 2496 713 2564 ditione
737 2500 781 2565 ab
804 2516 925 2565 omnes
940 2499 1112 2576 homines,
1131 2498 1214 2565 dum
1237 2499 1321 2566 illut
1344 2501 1564 2568 tenuerimus
1587 2501 1626 2568 in
1649 2502 1893 2586 suprascripto
1909 2499 2037 2575 tinore,
2055 2499 2092 2564 et
2114 2515 2185 2563 non
2202 2496 2330 2581 querat
2347 2492 2440 2560 illut

580 2651 679 2718 nobis
704 2650 829 2718 tollere
852 2652 910 2718 vel
933 2656 1112 2730 contrare;
1138 2657 1174 2719 et
1197 2653 1227 2720 si
1251 2653 1375 2722 taliter
1397 2656 1481 2722 illut
1504 2637 1604 2723 nobis
1628 2675 1698 2726 non
1721 2654 2003 2731 defensaverint,
2028 2656 2065 2720 et
2088 2653 2217 2740 aliquit
2240 2650 2323 2718 inde
2346 2669 2429 2718 con-

580 2801 813 2879 tradixerint,
839 2821 903 2889 per
927 2803 1041 2890 ipsam
1064 2805 1233 2890 guadiam
1259 2807 1434 2892 obligavit
1457 2826 1494 2874 se
1517 2807 1593 2895 ipse
1617 2808 1767 2874 domnus
1790 2809 1900 2874 abbas
1923 2809 1959 2873 et
1982 2824 2201 2892 successores
2224 2823 2304 2871 suos
2335 2824 2429 2870 com-

578 2974 707 3042 ponere
732 2957 832 3024 nobis
856 2957 1056 3045 nostrisque
1079 2961 1269 3029 heredibus
1293 2961 1558 3049 quinquaginta
1581 2963 1663 3030 auri
1685 2961 1813 3029 solidos
1836 2960 2154 3037 constantinianus,
2180 2962 2216 3026 et
2238 2961 2331 3026 inter
2355 2960 2427 3026 vir-

579 3113 683 3195 gulos
708 3111 799 3197 legit
822 3115 945 3190 abbas,
970 3132 1060 3180 suos.
1086 3115 1181 3188 Quod
1206 3117 1332 3202 scripsi
1356 3136 1422 3202 ego
1446 3117 1619 3185 iohannes
1642 3116 1818 3184 notarius.
1891 3207 1901 3224 .

623 3265 651 3356 †
676 3269 750 3351 Ego
774 3263 835 3351 qui
857 3284 969 3351 supra
991 3265 1164 3334 iohannes
1187 3272 1309 3337 abbas,

623 3417 650 3508 †
675 3420 749 3503 Ego
773 3389 948 3486 iohannes
971 3417 1126 3484 clericus
1150 3423 1186 3485 et
1209 3419 1400 3524 advocator
1424 3422 1486 3508 qui
1509 3426 1546 3489 et
1568 3424 1708 3492 scribsi.

623 3572 649 3662 †
673 3575 747 3658 Ego
773 3574 943 3640 Iohannes
967 3573 1129 3640 notarius
1154 3593 1207 3640 me
1231 3575 1434 3661 subscripsi.

1347 3967 1624 4045 MCLXIII

1351 4233 1410 4307 A.
1439 4233 1496 4306 D.
1524 4233 1648 4308 1052

623 4497 650 4587 †
677 4501 714 4564 In
739 4499 880 4566 nomine
903 4499 1038 4566 domini
1062 4497 1242 4566 tricesimo
1266 4501 1394 4586 quarto
1419 4518 1513 4566 anno
1538 4499 1760 4585 principatus
1775 4500 1895 4567 domni
1920 4499 2030 4566 nostri
2044 4500 2239 4586 guaimarii
2255 4503 2434 4587 gloriosus

578 4654 759 4741 princeps,
779 4660 815 4720 et
839 4654 1084 4722 tertiodecimo
1107 4673 1201 4722 anno
1225 4655 1374 4722 ducatus
1398 4654 1475 4722 eius
1498 4654 1619 4722 amulii
1641 4657 1678 4721 et
1701 4654 1860 4730 sirrenti‚
1876 4656 1912 4720 et
1935 4653 2070 4721 decimo
2094 4673 2187 4721 anno
2211 4655 2437 4742 principatus

579 4813 616 4874 et
643 4809 800 4895 ipsorum
826 4807 1019 4875 ducatuum
1046 4807 1165 4875 domni
1188 4806 1308 4892 gisulfi
1331 4805 1458 4873 eximii
1481 4805 1654 4894 principis
1677 4809 1714 4874 et
1736 4807 1835 4874 ducis
1858 4806 1923 4874 tilii
1947 4805 2046 4884 ciue,
2065 4825 2185 4874 mense
2209 4807 2427 4883 februarius,

580 4963 707 5050 quinta
730 4963 935 5030 indictione.
961 4963 1251 5030 Memoratorium
1275 4961 1408 5028 sactum
1432 4980 1455 5026 a
1471 4979 1527 5026 me
1550 4960 1697 5028 alferius
1713 4960 1881 5028 diaconus
1905 4962 1942 5026 et
1963 4960 2242 5046 archipresbiter
2265 4965 2302 5028 et
2316 4963 2425 5030 abbas

579 5117 732 5186 ecclesie
756 5117 873 5185 sancti
897 5116 1071 5195 maximi,
1108 5135 1148 5183 eo
1174 5115 1266 5202 quod
1290 5117 1374 5182 ante
1409 5113 1552 5182 idoneos
1575 5113 1735 5182 homines
1770 5115 1910 5184 tradidi·
1939 5114 2124 5192 romoaldi,
2149 5113 2222 5182 filio
2256 5115 2434 5202 quondam

580 5277 728 5345 Iohanni
752 5275 874 5343 clerici
899 5276 942 5342 de
965 5276 1081 5342 locum
1106 5274 1264 5352 nucerie,
1290 5292 1363 5341 una
1385 5273 1487 5358 pecia
1521 5273 1564 5340 de
1589 5275 1687 5340 terra
1711 5275 1837 5350 bacua,
1863 5273 1955 5359 quod
1990 5290 2075 5358 pars
2099 5272 2259 5358 predicte
2282 5273 2434 5341 ecclesie

581 5434 665 5500 abet
690 5432 728 5498 in
752 5432 869 5499 locum
894 5430 1050 5506 nucerie,
1077 5431 1137 5497 ubi
1162 5428 1296 5496 dicitur
1318 5429 1364 5496 ad
1388 5447 1553 5514 campum
1577 5426 1732 5503 maiori,
1755 5429 1792 5493 et
1814 5429 1869 5492 est
1890 5446 1953 5512 per
1975 5425 2056 5493 finis
2078 5429 2115 5493 et
2138 5445 2323 5494 mensuras
2343 5449 2350 5489 :
2367 5515 2369 5522 Ι
2387 5429 2434 5494 ab

579 5584 718 5651 oriente
743 5583 838 5671 passi
862 5583 1127 5670 quinquaginta
1150 5584 1332 5669 quattuor:
1350 5601 1373 5648 a
1395 5580 1647 5666 septemtrione
1670 5577 1766 5665 passi
1784 5577 1941 5664 triginta
1964 5577 2046 5645 duo:
2071 5581 2117 5647 ab
2139 5579 2322 5647 occidente
2338 5579 2432 5666 passi

559 5736 843 5826 ‘quinquaginta
865 5739 956 5805 octo:
974 5755 996 5804 a
1019 5736 1164 5803 meridie
1188 5735 1283 5821 passi
1307 5733 1462 5821 triginta
1488 5737 1561 5800 tres
1585 5731 1677 5799 iusto
1701 5750 1805 5818 passu
1822 5731 1957 5799 homini
1974 5734 2207 5808 mensuratos,
2225 5737 2263 5799 et
2284 5737 2339 5800 est
2354 5733 2433 5818 ipsa
