5454 7104
1031 535 1438 611 bluuouuulcus
2035 541 2100 616 ltu

306 742 415 830 quale
439 737 515 806 alia
537 735 716 832 monimen
738 736 775 800 et
798 732 937 800 ratione
959 731 1041 800 inde
1076 734 1183 799 abere
1207 731 1420 817 potueritis,
1457 734 1493 800 in
1517 733 1680 803 omnibus
1703 735 1785 802 inde
1809 753 1958 803 causare
1981 738 2018 802 et
2040 736 2146 804 linem

304 879 448 967 iacere,
484 893 522 958 et
543 903 602 957 eos
624 889 723 956 vobis
746 887 943 955 defensare.
968 889 1070 965 Nam,
1095 886 1236 974 quaudo
1261 905 1323 954 nos
1347 891 1409 955 aut
1433 890 1570 956 nostros
1595 888 1742 957 heredes
1765 889 1847 957 inde
1871 893 2013 958 autores
2036 895 2073 960 et
2095 893 2156 960 dc·

303 1049 464 1114 lensores
483 1047 595 1112 ebore
619 1043 831 1130 quesieritis,
850 1059 911 1110 nos
934 1044 1052 1108 autem
1078 1041 1277 1148 nostrisque
1301 1041 1489 1111 heredibus
1512 1043 1596 1112 illut
1619 1043 1718 1112 nobis
1733 1043 1955 1111 defensemus
1970 1047 2016 1112 ab
2030 1046 2141 1113 omni-

302 1205 367 1270 bus
392 1200 592 1268 hominibus
617 1201 664 1267 ab
686 1198 852 1285 omnique
875 1196 1049 1284 partibus.
1075 1196 1172 1274 Quod
1206 1195 1237 1262 si
1263 1196 1306 1263 de
1329 1215 1369 1263 ec
1392 1196 1524 1273 omnia,
1551 1200 1591 1264 ut
1613 1197 1773 1284 superius
1797 1196 1944 1282 legitur,
1971 1203 2143 1278 retroare,

301 1357 485 1422 remobere
508 1352 592 1420 illos
616 1351 840 1439 quesierint,
877 1353 913 1418 et
942 1350 1186 1437 quodcumque
1210 1351 1436 1416 causationes
1461 1368 1607 1416 aversus
1643 1369 1703 1418 vos
1725 1350 1855 1418 exinde
1884 1351 2072 1430 miserint,
2108 1357 2145 1422 et

299 1509 422 1577 omnia
446 1505 546 1574 nobis
560 1520 642 1573 'non
666 1505 955 1591 adimpleverint,
980 1503 1074 1572 sicut
1095 1504 1258 1590 superius
1282 1503 1444 1588 legitur,
1478 1503 1556 1571 ideo
1579 1521 1644 1590 per
1667 1505 1931 1574 combenientia
1952 1508 2080 1594 obligo
2107 1525 2165 1574 me

301 1661 493 1730 iamdictus
516 1659 655 1728 astilsus
678 1659 855 1746 presbiter
884 1661 922 1725 et
943 1677 1038 1726 meos
1072 1659 1226 1726 heredes¹
1255 1675 1466 1746 componere
1500 1657 1566 1725 tivi
1601 1657 1769 1726 iamdicto
1803 1660 1920 1728 amuri
1955 1665 1992 1727 et
2023 1666 2062 1729 at
2085 1663 2153 1730 tuis

246 1835 248 1840 ·
300 1813 506 1890 heredibus,
532 1830 593 1880 seu
617 1812 675 1879 cui
698 1815 842 1880 brebem
866 1813 974 1880 istum
999 1811 1075 1879 vice
1098 1815 1216 1879 vestra
1238 1812 1277 1879 in
1303 1831 1451 1880 manum
1477 1811 1650 1898 paruerit,
1676 1809 1828 1896 triginta
1851 1811 1931 1880 auri
1954 1813 2058 1881 solidi
2073 1833 2155 1882 oon·

303 1967 470 2050 stantini,
495 1968 532 2032 et
553 1966 673 2033 omnia
697 1966 788 2053 quod
812 1969 975 2052 superius
997 1965 1140 2052 legitur,
1166 1981 1230 2050 per
1253 1964 1375 2031 invitis
1405 1965 1502 2032 vobis
1526 1963 1722 2048 adimplere
1745 1983 1810 2050 per
1832 1964 2001 2032 iamdicta
2024 1965 2156 2052 guadia

302 2120 343 2186 et
364 2118 568 2204 predictum
593 2117 836 2187 mediatorem.
878 2121 922 2185 Et
945 2117 1067 2186 taliter
1089 2118 1244 2185 scribere
1270 2118 1477 2202 rogavimus
1512 2121 1547 2186 te
1572 2120 1748 2186 nicolaum
1771 2117 1958 2186 diaconum
1993 2122 2029 2185 et
2059 2123 2159 2188 nota-

241 2374 243 2378 .
308 2273 402 2342 rium
427 2273 524 2341 intus
546 2275 768 2362 caputaquis

348 2427 376 2518 †
400 2430 473 2512 Ego
497 2445 600 2493 ursus
623 2427 858 2494 subdiaconus
881 2433 917 2494 et
939 2427 1113 2496 notarius.

347 2579 375 2668 †
400 2585 474 2668 Ego
498 2579 700 2648 ademarius
724 2578 898 2664 presbiter
920 2583 956 2646 et
978 2579 1150 2646 notarius.

1004 2805 1454 2816 *mu-m...

1107 3059 1333 3142 MCLIII

1071 3308 1134 3382 A.
1162 3305 1221 3382 D.
1251 3306 1365 3382 1051

343 3605 370 3696 †
395 3609 432 3672 ln
456 3605 596 3673 nomine
619 3603 753 3672 domini
777 3604 961 3689 trigesimo
984 3603 1090 3671 tertio
1114 3622 1211 3674 anno
1228 3605 1451 3694 principatus
1487 3605 1608 3674 domni
1634 3565 1745 3672 nostri
1761 3604 1956 3673 Guaimarii
1979 3603 2154 3689 gloriosus

203 3821 208 3830 .
304 3761 482 3848 princeps,
501 3752 537 3828 e't
559 3759 768 3828 duodecimo
793 3778 887 3826 anno
910 3758 1059 3826 ducatus
1081 3757 1157 3826 eius
1180 3760 1301 3827 amalfi
1323 3761 1360 3827 et
1384 3764 1568 3846 syrrent0,
1586 3762 1623 3826 et
1647 3751 1737 3827 nono
1765 3756 1793 3842 ¹)
1816 3777 1909 3826 anno
1933 3757 2154 3844 principatus

294 3919 334 3980 et
356 3915 515 4002 ipsorum
538 3912 731 3980 ducatuum
756 3912 875 3980 domni
898 3910 1017 3998 gisulfi
1040 3911 1171 3980 eximio
1194 3911 1335 4001 princes
1357 3916 1394 3979 et
1417 3913 1490 3980 dux
1514 3912 1579 3980 dlii
1602 3912 1688 3989 ciuS,
1715 3929 1834 3978 mense
1858 3909 2003 3998 aprelis
2022 3913 2152 3996 quarta

299 4069 509 4136 indictione.
537 4069 610 4152 Ego
633 4066 771 4134 dauferi
794 4066 890 4132 filius
914 4065 1092 4153 quondam
1115 4065 1237 4142 birini,
1263 4083 1303 4132 eo
1333 4065 1434 4151 quod
1458 4067 1542 4133 ante
1564 4064 1780 4151 subscriptos
1803 4066 1921 4140 testes,
1940 4027 2153 4132 conuenien-

299 4222 395 4290 tibus
419 4224 473 4288 est
496 4239 633 4288 mecum
657 4220 811 4287 iohanne
834 4222 870 4288 et
893 4219 999 4289 lando
1022 4218 1203 4305 germanis
1226 4218 1312 4286 filiis
1328 4218 1510 4305 quondam
1534 4218 1692 4304 sperant,
1710 4222 1746 4285 et
1769 4219 1899 4287 mulier
1914 4219 2152 4288 nomineiem-

305 4397 368 4444 ma
392 4378 460 4464 que
484 4394 605 4443 sumus
628 4378 744 4443 mater
767 4378 803 4441 et
826 4375 905 4450 ulii,
930 4392 996 4460 ego
1019 4377 1137 4441 autem
1162 4373 1260 4441 dedit
1282 4373 1333 4442 eis
1357 4377 1435 4441 octo
1459 4375 1540 4441 auri
1563 4373 1658 4450 tari,
1688 4377 1724 4440 et
1747 4375 1820 4442 illis
1844 4395 1907 4462 pro
1930 4375 2055 4444 taliter
2078 4378 2151 4444 tra·

296 4531 470 4599 diderunt
493 4531 601 4598 michi
628 4549 698 4597 una
722 4529 823 4615 pecie
845 4530 889 4596 de
913 4532 1012 4596 terra
1028 4533 1141 4596 bacua
1165 4529 1342 4598 inlocum
1369 4530 1517 4598 dudano
1542 4548 1611 4596 non
1636 4531 1742 4616 longe
1765 4532 1804 4596 at
1819 4533 1924 4597 rebus
1939 4530 2054 4597 sancti
2077 4550 2151 4599 ma-

299 4687 413 4759 thaei,
441 4661 511 4772 que
535 4689 589 4752 est
604 4685 701 4752 inira
725 4703 764 4750 ec
788 4684 867 4750 linis
890 4686 926 4751 et
940 4701 1139 4751 mensuras:
1164 4686 1295 4770 Apars
1310 4684 1458 4752 orientis
1481 4684 1550 4750 fine
1578 4685 1713 4769 platea,
1733 4679 1813 4750 inde
1828 4685 1912 4750 sunt
1938 4682 2032 4769 passi
2049 4683 2153 4769 quin·

299 4840 503 4927 quaginta:
534 4841 565 4905 A
588 4858 672 4926 pars
696 4838 844 4906 meridie
868 4840 937 4906 fine
960 4839 1003 4906 de
1027 4840 1247 4906 consortibus
1270 4839 1357 4906 meis
1381 4889 1388 4915 ,
1421 4841 1503 4906 inde
1526 4841 1609 4906 sunt
1631 4833 1723 4925 passi
1748 4838 1878 4924 biginti
1901 4837 1986 4904 dui:
2019 4857 2042 4904 a
2064 4857 2148 4924 pars

291 4994 495 5062 occidentis
518 4992 601 5061 inde
625 4997 709 5060 srmt
731 4993 826 5080 passi
850 4991 1125 5079 quinquaginta:
1150 5011 1172 5059 a
1196 5011 1278 5078 pars
1302 4992 1577 5080 septemtrionis
1601 4991 1682 5060 inde
1706 4995 1790 5059 sunt
1812 4995 1907 5077 passi
1932 4991 2085 5077 biginti,
2112 4997 2148 5057 et

293 5145 489 5232 coniungit
512 5149 550 5212 at
573 5147 691 5230 priore
714 5145 782 5211 flue
806 5146 842 5211 in
867 5144 932 5211 tali
954 5143 1090 5220 ordine,
1110 5148 1149 5211 ut
1172 5146 1297 5212 arnodo
1320 5149 1356 5211 et
1385 5165 1500 5233 usque
1525 5148 1564 5212 at
1586 5149 1707 5232 tempu
1731 5146 1774 5212 de
1797 5145 1865 5213 isto
1880 5135 1999 5214 mense
2016 5127 2148 5230 aprelis

292 5300 401 5386 prius
426 5299 623 5366 benientem
650 5299 783 5365 rediret
806 5257 914 5366 michi
937 5299 1007 5384 ipsi
1029 5301 1105 5366 octo
1128 5299 1209 5367 auri
1233 5299 1304 5366 tari
1331 5299 1414 5366 boni
1441 5299 1484 5366 de
1507 5301 1650 5366 moneta
1674 5301 1778 5375 bona,
1803 5302 1840 5365 et
1862 5317 1928 5384 ego
1951 5301 2002 5366 eis
2027 5301 2148 5366 remit-

307 5459 358 5522 tat
382 5455 512 5522 inclita
536 5455 614 5541 ipsa
636 5472 701 5556 sua
724 5454 878 5521 sortione
902 5454 945 5521 de
969 5454 1129 5540 predicta
1152 5455 1270 5526 rebus,
1302 5455 1341 5518 ut
1363 5452 1548 5527 diximus,
1574 5471 1642 5539 que
1666 5456 1720 5519 est
1743 5455 1873 5538 quarta
1896 5471 1980 5539 pars
2002 5453 2046 5520 de
2069 5473 2149 5540 pre-

333 5803 358 5879 ¹)
380 5802 487 5863 Potius
509 5803 642 5868 clerium.
