5454 7104
1026 433 1427 510 olrlblllrlcus

1044 734 1412 816 MCXXXVII
1428 795 1432 806 .

1068 983 1127 1056 A.
1155 979 1212 1052 D.
1241 977 1368 1054 1050

354 1249 381 1340 †
407 1253 443 1316 ln
470 1248 614 1314 nomine
637 1245 770 1316 domini
795 1245 984 1312 Tricesimo
1009 1245 1161 1312 secundo
1186 1265 1280 1312 anno
1308 1244 1536 1330 principatus
1561 1243 1682 1311 domni
1722 1243 1835 1312 nostri
1859 1241 2055 1311 Guaimarii
2079 1243 2155 1308 Glo-

303 1402 396 1468 rioso
420 1400 609 1486 principe,
635 1401 673 1465 et
696 1396 903 1466 duodecimo
928 1417 1023 1463 anno
1047 1397 1197 1464 ducatus
1220 1397 1297 1463 eius
1322 1398 1444 1464 amalfi
1467 1400 1504 1464 et
1530 1395 1557 1478 ¹)
1581 1393 1757 1472 sirrenti,
1789 1399 1826 1464 et
1848 1397 1981 1464 decimo
2006 1400 2034 1480 ²)
2059 1417 2152 1464 anno

249 1613 251 1616 .
300 1553 625 1639 suprascriptorum
643 1551 910 1638 principatuum
935 1551 972 1615 et
996 1551 1186 1616 ducatuum
1212 1551 1331 1616 domni
1354 1552 1479 1638 gisulfi
1503 1551 1579 1618 eius
1602 1548 1677 1626 dlii,
1699 1551 1824 1618 eximii
1847 1551 2017 1638 principis
2041 1551 2155 1618 etdu-

300 1705 364 1782 cis,
391 1724 510 1772 mense
536 1705 675 1789 aprilis,
695 1705 805 1771 tertia
828 1703 1034 1770 indictione.
1060 1703 1351 1771 Memoratorium
1377 1707 1509 1771 sactum
1536 1725 1557 1771 a
1582 1725 1638 1772 me
1655 1725 1738 1772 urso
1761 1705 1834 1772 lilio
1859 1707 2037 1792 quondam
2054 1707 2153 1773 celli-

302 1878 359 1933 no‚
386 1877 426 1924 ec
450 1859 542 1944 qnod
568 1861 651 1924 ante
669 1859 882 1943 subscriptis
906 1857 1042 1924 idoneis
1058 1859 1260 1926 hominibus
1284 1860 1436 1927 tradidit
1452 1861 1563 1928 michi
1579 1861 1752 1928 iohannes
1776 1863 1970 1928 monachus
1986 1865 2021 1927 et
2044 1864 2153 1928 abbas

303 2013 519 2078 monasterio
543 2015 666 2078 saneto
691 2013 922 2096 archangelo,
950 2013 1041 2098 qnod
1065 2014 1174 2080 situm
1198 2017 1252 2081 est
1276 2015 1313 2080 in
1338 2017 1454 2081 monte
1478 2017 1596 2080 coraci
1622 2014 1664 2080 de
1689 2015 1832 2092 cilentc,
1851 2017 1925 2082 tres
1949 2018 2086 2102 peciole
2110 2018 2153 2083 de
2245 1997 2250 2010 ⁸

301 2171 396 2232 terre
421 2169 547 2232 contra
572 2185 656 2250 pars
680 2167 815 2232 ancilla
839 2166 907 2240 dei,
927 2169 1031 2232 rebus
1055 2165 1167 2232 eidem
1193 2166 1421 2240 monasterio,
1441 2165 1484 2232 ad
1502 2166 1703 2232 habendum
1729 2171 1764 2232 et
1782 2167 2052 2252 pastinandam,
2069 2173 2152 2236 nato

300 2321 538 2397 nescientem,
566 2320 598 2386 in
625 2321 770 2387 tertiam
797 2324 933 2406 partem
962 2339 1137 2386 unacum
1163 2321 1319 2388 alefanto
1345 2321 1595 2387 adbocatorem
1619 2321 1733 2387 eidem
1759 2323 1985 2390 monasterio.
2021 2326 2058 2389 ln
2083 2325 2154 2408 pri-

306 2479 374 2540 mis
399 2476 476 2562 ipsa
500 2479 599 2542 huna
623 2475 725 2560 pecie
747 2493 854 2565 super
879 2477 957 2560 ipsa
982 2476 1041 2542 hia
1057 2477 1167 2542 habet
1189 2493 1371 2540 mensura:
1397 2494 1419 2540 a
1444 2493 1528 2560 pars
1553 2474 1747 2542 occidentis
1764 2478 1848 2540 abet
1867 2495 1986 2560 passos
2003 2478 2159 2562 quadra.

301 2627 434 2713 ginta:
460 2627 503 2694 de
527 2603 635 2712 snper
659 2647 681 2694 a
704 2647 788 2712 pars
812 2627 960 2722 meridie
983 2631 1067 2693 sunt
1090 2631 1183 2712 passi
1207 2627 1365 2711 viginti,
1398 2630 1434 2693 et
1457 2606 1690 2694 descendente
1714 2647 1744 2693 a.
1760 2647 1838 2712 pars
1862 2629 2037 2704 orientis,
2065 2635 2152 2696 sunt

302 2784 394 2868 pessi
420 2783 663 2868 quadraginta
687 2802 782 2855 uno,
824 2787 860 2848 et
883 2782 1024 2849 abiente
1050 2803 1071 2847 a
1095 2801 1179 2867 pars
1202 2782 1467 2868 septemtrionis
1492 2801 1592 2848 secus
1616 2782 1694 2866 ipsa
1724 2779 1783 2847 via
1809 2782 1954 2866 publica
1979 2803 2088 2870 usquc
2114 2785 2152 2850 in

302 2936 421 3020 prima
444 2935 512 3001 fine
535 2939 620 3003 sunt
643 2937 736 3020 passi
762 2935 891 3019 viginti
916 2935 984 3001 duo
1008 2939 1044 3001 et
1068 2935 1226 3004 cubitum
1251 2938 1360 3002 huno.
1398 2938 1442 3001 Et
1465 2935 1543 3012 ipsa
1567 2935 1641 3002 alia
1657 2935 1759 3019 pecie
1782 2935 1825 3001 de
1849 2937 1972 3001 subtus
1996 2936 2073 3022 ipsa
2095 2937 2154 3004 bia

304 3092 384 3156 abet
408 3108 447 3154 as
471 3109 664 3155 mensura:
706 3108 857 3174 perora
882 3090 976 3156 iusta
1000 3091 1060 3156 bia
1085 3091 1180 3176 passi
1204 3091 1352 3164 decem,
1394 3092 1430 3155 et
1453 3090 1687 3156 descendente
1711 3108 1733 3154 a
1757 3107 1842 3174 pars
1866 3090 2041 3156 occidenti
2066 3093 2149 3157 abet
2191 3071 2193 3076 ¹

304 3261 423 3329 passos
447 3243 599 3328 triginta
623 3245 696 3310 tres
719 3246 756 3309 et
779 3243 899 3310 cubita
923 3247 1008 3310 tres:
1028 3243 1070 3310 de
1095 3245 1219 3310 subtus
1242 3263 1264 3310 a
1289 3200 1373 3328 pars
1388 3243 1654 3329 septemtrionis
1678 3245 1762 3308 sunt
1778 3242 1873 3327 passi
1898 3241 2095 3317 duodecim,
2116 3247 2152 3309 et

306 3397 398 3462 sicut
422 3398 581 3464 ascendit
605 3419 623 3462 a
649 3416 732 3484 pars
756 3397 906 3464 orientis
931 3416 1042 3484 usque
1067 3397 1105 3464 in
1129 3371 1291 3482 predicta
1313 3397 1373 3464 via
1395 3401 1480 3462 sunt
1503 3396 1598 3481 passi
1623 3391 1774 3480 triginta
1805 3395 1896 3472 duc,
1924 3403 1957 3462 et
1982 3397 2109 3463 abinde
2132 3416 2154 3462 a

304 3552 392 3617 soris
416 3552 483 3638 ipsi
508 3553 603 3638 passi
626 3553 754 3620 sedilia
778 3554 814 3618 et
837 3553 929 3619 iusto
953 3553 1068 3627 hort03
1096 3553 1155 3618 ubi
1181 3551 1281 3617 modo
1306 3550 1529 3626 residemus,
1556 3568 1578 3615 a
1600 3552 1724 3616 subtus
1748 3551 1827 3636 ipsa
1851 3539 1933 3626 bia,
1960 3557 1996 3616 et
2020 3553 2152 3618 iterum

304 3704 397 3772 iusta
422 3705 500 3791 ipsa
514 3705 643 3773 sedilia
667 3707 703 3772 et
719 3707 798 3772 orto
821 3705 900 3791 ipsa
924 3704 997 3770 alia
1013 3705 1134 3789 pecias
1158 3704 1318 3771 deterre
1342 3707 1407 3771 has
1421 3723 1589 3770 mensura
1605 3703 1738 3770 dicitur
1762 3683 1853 3770 esse?
1870 3724 1891 3772 a
1906 3724 1990 3790 pars
2006 3707 2154 3773 orientis

304 3859 401 3945 passi
425 3859 554 3944 viginti
579 3859 701 3926 duma
724 3860 981 3946 septemtrione
1004 3855 1099 3945 passi
1125 3857 1244 3924 decem
1270 3859 1306 3923 et
1320 3859 1401 3944 opto
1426 3861 1463 3924 et
1485 3858 1607 3924 cubita
1630 3857 1755 3926 duma
1778 3877 1861 3944 pars
1886 3859 2034 3926 meridie
2050 3879 2153 3926 secus

309 4015 387 4097 ipsa
411 4011 470 4079 bia
495 4012 641 4098 puplica
664 4015 749 4080 sunt
771 4013 867 4099 passi
891 4012 1175 4100 quattuordecim
1200 4031 1310 4100 usque
1334 4013 1373 4079 in
1399 4017 1517 4100 prima
1540 4015 1645 4080 finem
1669 4031 1750 4080 cum
1774 4012 1871 4081 linea
1907 4015 2153 4080 mensuratum

301 4164 346 4232 ad
371 4165 465 4235 iusto
490 4186 621 4253 passu,
647 4170 689 4233 ut
712 4169 821 4235 liceat
845 4185 901 4234 me
925 4167 1066 4254 meique
1090 4167 1282 4236 heredibus
1304 4162 1341 4234 in
1365 4167 1443 4252 ipsa
1466 4168 1598 4236 sedilia
1620 4167 1745 4236 sedere
1768 4170 1805 4235 et
1828 4187 1892 4256 pro
1916 4187 1972 4234 me
1995 4172 2072 4236 orto
2105 4174 2156 4238 sa-

302 4337 384 4386 cere
409 4367 417 4395 ,
443 4321 480 4386 et
504 4321 580 4406 ipse
603 4324 677 4388 tres
702 4324 802 4407 pecie
826 4321 869 4388 de
894 4324 992 4388 terre
1015 4321 1166 4388 introire
1188 4323 1225 4388 et
1248 4323 1391 4399 lohere,
1417 4323 1585 4390 laborare
1610 4324 1742 4402 bioca,
1781 4326 1817 4391 et
1840 4325 1965 4392 salices
1988 4328 2024 4393 et
2047 4347 2150 4413 poma

304 4476 482 4560 plantare,
509 4478 545 4540 et
569 4475 681 4541 omnis
706 4478 826 4542 nostre
850 4475 1046 4543 hutilitatis
1069 4476 1201 4544 ibidem
1224 4480 1355 4554 lacere3
1382 4481 1419 4544 et
1442 4476 1628 4546 licentiam
1653 4481 1854 4566 habeamus
1878 4498 1940 4547 nos
1961 4483 1999 4547 'ct
2023 4483 2154 4548 nostris

301 4627 490 4695 heredibus
514 4629 551 4695 in
577 4631 682 4696 rebus
708 4628 866 4714 predicto
891 4630 1107 4696 monasterio
1124 4631 1285 4715 introyre
1309 4631 1405 4699 iusta
1428 4631 1569 4700 ratione
1594 4636 1740 4701 arbores
1764 4633 1925 4701 incidere
1949 4653 2014 4720 pro
2030 4631 2139 4703 clusu-
2236 4645 2241 4656 '

307 4780 387 4858 rie,
414 4785 450 4848 et
473 4781 685 4867 pedamento
708 4782 937 4860 iaciendum
978 4784 1014 4848 et
1037 4783 1188 4850 hamodo
1212 4803 1323 4872 usque
1347 4785 1435 4854 anni
1459 4788 1790 4877 septem-quioquid
1823 4789 1949 4862 binum
1973 4793 2027 4858 vel
2053 4793 2157 4880 fruge

306 4933 390 5000 inde
414 4933 559 5011 exierit,
577 4935 677 5003 nobis
702 4937 903 5025 nostrisque
926 4937 1116 5005 heredibus
1140 4939 1214 5004 sint
1236 4940 1424 5024 potestate.
1449 4940 1620 5026 Completi
1643 4960 1726 5010 vero
1752 4943 1842 5018 anni
1870 4947 2015 5031 septem,
2034 4946 2156 5015 demus

302 5086 347 5154 ad
373 5087 568 5174 predictum
587 5092 753 5157 abbatem
776 5093 813 5158 et
827 5109 913 5177 pars
927 5091 1042 5178 ipsum
1055 5091 1269 5159 monasterio
1284 5094 1321 5158 et
1336 5091 1413 5161 eius
1429 5095 1598 5171 rectores,
1623 5095 1660 5160 et
1684 5093 1727 5162 de
1750 5091 1845 5163 omni
1862 5100 1980 5184 fruge,
1998 5101 2156 5188 exceptis
2226 5123 2231 5134 ·

303 5237 347 5306 de
363 5239 439 5325 ipso
455 5242 559 5307 horto
577 5243 711 5308 factum
735 5244 901 5329 paratum
919 5241 962 5310 ad
980 5243 1200 5329 palmentum
1225 5243 1349 5310 demus
1365 5242 1510 5311 tertiam
1527 5247 1688 5330 partem,
1715 5246 1816 5314 nobis
1840 5247 2040 5335 nostrisque
2056 5252 2158 5318 here-

342 5569 367 5660 ι)
389 5583 574 5648 Undecimo.

344 5696 373 5772 ’t
395 5695 521 5759 Octavo.
