5372 7106
1235 451 1413 526 CODEX
1444 449 1718 528 CAVENSIS
1776 529 1777 532 Ἴ

1315 749 1646 834 MGGXXIII

1349 1001 1408 1076 A.
1436 997 1494 1074 D.
1523 996 1647 1072 1056

620 1267 647 1358 ³5
672 1271 711 1338 ln
734 1268 878 1336 nomine
895 1268 1029 1336 domini
1047 1268 1316 1355 quartodecimo
1340 1286 1435 1336 anno
1459 1231 1680 1354 principatus
1702 1265 1822 1334 domni
1846 1261 1960 1333 nostri
1982 1263 2141 1350 gisulphi
2164 1264 2312 1350 gloriosi
2336 1267 2421 1354 prin-

574 1424 677 1512 cipis,
702 1441 824 1492 mense
848 1423 1056 1501 februario,
1081 1441 1178 1491 0000
1201 1422 1410 1490 indictione.
1436 1424 1530 1488 Ante
1553 1438 1610 1488 me
1633 1388 1861 1488 romualdum
1884 1413 2035 1486 iudicem
2060 1416 2243 1485 coniuncti
2265 1423 2346 1486 sunt
2367 1441 2420 1489 ur-

576 1597 637 1649 sus
660 1582 698 1646 et
721 1578 895 1646 iohannes
918 1575 1078 1664 gastaldi
1101 1575 1167 1642 tilii
1192 1575 1370 1662 qnondam
1396 1573 1603 1642 iohannacii
1627 1573 1800 1660 gastaldi,
1826 1576 1864 1642 et
1886 1571 2072 1648 iohannes,
2097 1575 2134 1639 et
2157 1576 2299 1659 petrus,
2323 1579 2358 1642 01
2377 1577 2425 1644 al·

574 1735 681 1802 lanus
705 1732 831 1800 clerici
856 1729 920 1799 ulii
944 1731 1124 1818 quondam
1148 1729 1292 1815 aliani,
1330 1731 1367 1796 et
1391 1747 1511 1812 manso
1538 1727 1621 1796 filiis
1645 1729 1825 1815 quondam
1849 1727 2009 1796 ianuarii
2041 1731 2078 1794 et
2113 1727 2287 1796 iohannes
2324 1748 2425 1820 nepos

576 1886 689 1975 ipsius
712 1886 807 1954 illius
831 1885 1016 1953 mansonis
1039 1883 1107 1952 11111
1132 1883 1313 1971 quondam
1336 1883 1462 1967 sergii,
1488 1863 1525 1950 et
1547 1881 1719 1950 iohannes
1741 1881 1838 1949 filius
1862 1880 2039 1969 quondam
2063 1881 2174 1966 sergi,
2202 1883 2238 1948 01
2263 1884 2425 1951 00010100

573 2043 613 2110 01
637 2059 762 2108 manso
785 2039 852 2108 tilii
876 2039 1055 2126 quondam
1080 2043 1261 2107 mansonis
1284 1993 1494 2112 caccabelli,
1520 2038 1557 2102 et
1580 2053 1728 2104 maurus
1749 2035 1847 2102 lilius
1871 2035 2051 2122 quondam
2073 2033 2220 2121 100001,
2246 2039 2284 2102 01
2306 2039 2429 2106 masta·

576 2197 633 2262 lus
657 2198 694 2262 et
718 2211 863 2262 maurus
887 2196 923 2261 01
947 2195 1121 2261 10000000
1144 2195 1180 2260 01
1203 2193 1259 2260 100
1283 2191 1348 2258 filii
1365 2192 1543 2278 quondam
1567 2187 1690 2276 sergii,
1716 2193 1753 2256 01
1776 2164 1959 2265 mastalus,
1985 2191 2022 2256 01
2044 2189 2247 2268 iohannes,
2275 2194 2312 2258 01
2339 2211 2430 2261 man·

573 2367 627 2428 so,
653 2352 691 2416 et
715 2367 819 2416 ursus
842 2349 937 2416 tilius
960 2348 1140 2436 quondam
1163 2347 1276 2434 sergii
1299 2309 1505 2424 caccabelli,
1530 2349 1567 2414 et
1590 2345 1763 2414 iohannes
1786 2348 1880 2414 tilius
1903 2347 2082 2434 qnondam
2106 2345 2233 2423 leonis,
2249 2351 2288 2415 01
2311 2350 2431 2418 010000

577 2505 654 2572 lilia
677 2504 856 2590 quondam
880 2502 957 2571 ursi
979 2503 1141 2581 curialis,
1167 2522 1236 2590 que
1260 2506 1315 2570 est
1338 2523 1432 2570 uxor
1456 2501 1566 2589 ipsius
1591 2503 1767 2580 iohannis,
1794 2505 1830 2570 01
1853 2503 2041 2588 griselaita
2064 2501 2144 2569 lilia
2166 2501 2347 2588 quondam
2364 2522 2431 2572 me-

576 2660 649 2736 lis,
676 2677 743 2746 que
768 2659 888 2727 100001
912 2678 1005 2726 uxor
1027 2657 1152 2744 sergii,
1177 2659 1254 2726 fllia
1277 2657 1457 2746 quondam
1480 2656 1649 2726 iohannis
1672 2611 1885 2734 ionoatello,
1911 2657 1957 2725 ad
1981 2656 2187 2726 faciendum
2210 2657 2425 2726 101000011-

578 2773 660 2882 nem
685 2814 729 2881 de
752 2813 1044 2890 causationibus,
1070 2811 1200 2900 quibus
1222 2812 1356 2880 dudum
1380 2812 1477 2880 inter
1501 2831 1538 2880 00
1562 2813 1787 2893 babuerunt,
1811 2812 1855 2878 de
1879 2813 1986 2880 rebus
2010 2829 2100 2898 quas
2123 2812 2337 2880 habuerunt
2358 2812 2438 2881 ioris

578 2971 648 3039 hac
672 2969 821 3036 civitate
844 2969 882 3035 in
906 2969 982 3035 loco
1006 2967 1121 3034 veteri
1140 2991 1149 3046 3
1189 2970 1225 3036 01
1247 2967 1332 3035 dum
1357 2967 1403 3035 ad
1426 2965 1522 3055 ipsas
1546 2986 1604 3034 000
1627 2966 1803 3034 dixerunt
1825 2965 2030 3052 perrexisse
2054 2985 2119 3054 000
2141 2984 2200 3034 eos
2234 2973 2438 3036 mensurata

578 3122 650 3190 1011
673 3141 743 3198 000,
769 3140 838 3210 que
861 3121 995 3190 divisas
1018 3123 1137 3197 00001,
1164 3119 1438 3207 quemamodum
1461 3116 1607 3188 illorum
1629 3119 1811 3188 divisionis
1834 3121 2045 3196 continunt,
2070 3123 2107 3188 01
2131 3109 2189 3188 re's
2212 3140 2287 3207 que
2311 3121 2437 3191 indivi-

576 3293 638 3344 sas
661 3277 844 3344 habebant
867 3275 1077 3344 coniunctas
1093 3293 1174 3342 cum
1198 3275 1456 3362 suprascriptis
1480 3278 1596 3352 rebus,
1615 3295 1704 3362 quas
1720 3275 1854 3344 divisas
1870 3277 2064 3344 habebant.
2091 3277 2137 3342 ut
2152 3275 2335 3344 dixerunt
2350 3295 2441 3344 men·

575 3449 722 3500 surasse
744 3395 841 3518 ipsas
865 3448 935 3506 res,
961 3448 1050 3517 quas
1073 3429 1207 3498 divisas
1230 3431 1413 3498 habebant
1435 3387 1457 3498 a
1480 3432 1541 3497 via
1563 3429 1720 3516 puplica,
1746 3449 1815 3516 que
1838 3430 1959 3517 pergit
1982 3430 2027 3498 ad
2053 3431 2245 3510 molinam,
2274 3451 2344 3519 que
2367 3449 2444 3498 con-

574 3581 718 3647 structa
740 3581 826 3648 0001
849 3576 886 3646 10
909 3581 1016 3648 fluvio
1039 3580 1083 3648 de
1107 3581 1355 3668 suprascripto
1380 3583 1458 3649 loco
1481 3584 1620 3659 veteri,
1646 3581 1685 3649 in
1709 3585 1813 3668 parte
1835 3583 1985 3650 orientis
2009 3583 2052 3651 de
2077 3582 2206 3671 quibus
2230 3603 2313 3653 esse
2337 3585 2443 3652 debe-

578 3735 666 3802 bant
688 3736 763 3802 tres
786 3735 912 3802 sortes:
939 3753 1048 3802 unam
1072 3734 1110 3801 in
1134 3737 1237 3822 parte
1260 3734 1540 3822 septemtrionis,
1566 3749 1636 3822 que
1660 3735 1816 3822 pertinet
1839 3737 2085 3824 suprascripte
2111 3738 2323 3824 griselaite,
2349 3739 2387 3805 et
2400 3737 2448 3804 io-

578 3891 692 3958 hanni
715 3889 788 3956 illio
812 3871 916 3966 eius,
942 3892 979 3956 01
1003 3887 1163 3958 iamdicti
1186 3891 1312 3975 sergii,
1338 3892 1375 3956 et
1397 3887 1567 3958 iamdicto
1591 3889 1727 3956 aloare.
1753 3889 1836 3956 Alia
1859 3891 1898 3957 in
1921 3895 2025 3977 parte
2049 3891 2245 3962 meridiei,
2273 3909 2347 3978 que
2370 3908 2447 3977 per·

578 4043 669 4112 tinet
691 4042 947 4131 suprascriptis
969 4042 1054 4110 liliis
1078 4043 1189 4130 sergii
1212 4043 1421 4112 caccabelli.
1448 4045 1610 4112 Alteram
1635 4046 1732 4112 inter
1757 4043 1852 4130 ipsas
1875 4049 1999 4114 ambas
2022 4048 2164 4124 sortes,
2191 4065 2265 4132 que
2289 4046 2449 4132 pertinet

578 4195 654 4282 1000
678 4195 823 4264 iohanni
845 4195 922 4264 filio
945 4195 1069 4282 sergii;
1089 4195 1156 4264 Sed
1179 4195 1421 4272 0110011001,οῐ
1443 4195 1597 4282 amplius
1621 4215 1808 4264 mensuras
1831 4215 1876 4264 ex
1900 4195 1987 4284 ipsis
2013 4200 2119 4266 rebus
2144 4199 2327 4287 00110000,
2344 4217 2450 4286 quam

577 4367 619 4418 eo
643 4348 736 4436 quod
760 4367 826 4436 per
849 4348 944 4436 10000
968 4347 1128 4416 00010100
1153 4344 1336 4416 divisionis
1360 4366 1406 4416 ex
1430 4347 1517 4435 ipsis
1541 4351 1647 4418 rebus
1671 4353 1803 4418 habere
1826 4318 2015 4418 debebant.
2051 4351 2186 4420 Idcirco
2210 4353 2393 4422 dicebant
2414 4371 2451 4420 se

580 4503 618 4573 in
642 4503 750 4572 simul
774 4479 999 4572 mensurasse
1022 4503 1118 4590 ipsas
1143 4519 1211 4587 res,
1229 4519 1318 4588 quas
1342 4501 1483 4570 divisas
1498 4505 1681 4572 habebant
1702 4525 1783 4573 cum
1807 4525 1860 4583 eo,
1887 4507 1979 4593 quod
1996 4507 2151 4594 amplius
2169 4524 2220 4576 ex
2248 4509 2343 4596 ipsis
2360 4527 2455 4576 men·

573 4659 689 4730 ¹suriis
712 4663 749 4728 01
772 4660 952 4728 100110110
973 4661 1082 4728 rebus
1109 4659 1326 4728 retinebant.
1351 4658 1512 4728 Primum
1535 4659 1678 4748 quidem
1703 4664 2002 4730 mensuraberant
2025 4662 2130 4742 illud,
2157 4664 2259 4750 quod
2286 4663 2361 4750 ipsi
2384 4659 2459 4749 gri·

576 4813 709 4884 0010110
731 4817 768 4882 01
791 4815 964 4883 iohannes
987 4815 1082 4920 filius
1105 4815 1194 4892 eius,
1219 4816 1256 4882 et
1278 4813 1451 4883 iamdicta
1473 4815 1600 4882 aloara
1624 4815 1782 4883 retinent
1805 4815 1844 4886 in
1867 4817 1946 4903 ipsa
1969 4821 2073 4902 parte
2096 4820 2397 4908 septemtrionis,
2422 4818 2458 4883 et

578 4973 635 5040 est
658 4989 723 5058 per
745 4970 834 5038 fines
856 4972 893 5038 01
915 4988 1122 5038 mensuras:
1148 4971 1178 5036 A
1201 4973 1306 5056 00010
1328 4968 1529 5040 occidentis
1546 4973 1600 5038 est
1621 4967 1702 5038 11010
1725 4969 1804 5056 1000
1826 4967 1886 5037 via
1908 4969 2065 5056 puplica,
2091 4971 2130 5036 et
2151 4988 2221 5056 per
2246 4987 2336 5037 eam
2361 4985 2460 5037 men-

576 5122 694 5190 surati
714 5140 839 5210 000000
862 5122 995 5209 viginti
1018 5125 1158 5190 nobem:
1185 5122 1214 5190 A
1238 5123 1342 5208 00010
1366 5121 1516 5192 meridie
1540 5129 1593 5190 est
1616 5121 1696 5190 11010
1720 5121 1823 5200 illud,
1843 5121 1936 5210 quod
1959 5121 2035 5210 1000
2053 5121 2234 5191 10000000
2250 5123 2324 5190 11111
2348 5119 2460 5204 sergii

529 5341 531 5344 .
579 5276 741 5353 retinet,
767 5279 804 5343 et
827 5276 921 5362 00001
945 5274 1208 5363 quinquaginta
1231 5278 1370 5344 nobem.
1397 5277 1442 5342 Et
1465 5275 1618 5344 revolvit
1640 5277 1678 5344 in
1701 5227 1805 5365 parto
1827 5276 2093 5365 septemtrionis
2116 5293 2209 5362 erga
2237 5295 2335 5354 res,
2372 5291 2462 5362 quas

576 5427 623 5498 de
646 5429 722 5516 ipso
745 5429 945 5498 comuniter
966 5429 1126 5540 retinent
1148 5428 1216 5516 ipsi
1239 5429 1303 5496 filii
1325 5429 1437 5516 sergii
1460 5421 1683 5508 caccabelli,
1715 5431 1878 5517 passibus
1902 5429 2076 5498 tredecim
2099 5433 2136 5498 et
2158 5432 2338 5500 cubitum
2365 5427 2461 5497 recti

435 5563 441 5574 ’
579 5586 854 5662 mensuratum,
889 5585 926 5652 01
949 5586 1003 5652 est
1024 5583 1154 5653 ibidem
1179 5603 1242 5672 per
1267 5585 1495 5688 latitudinem
1519 5587 1558 5656 in
1581 5588 1667 5672 1000Ι
1682 5561 1785 5672 00010
1808 5585 2071 5672 septemtrionis
2102 5585 2251 5652 rectum
2281 5581 2463 5674 usquein

579 5735 698 5805 media
720 5755 851 5824 sepem,
877 5737 1078 5806 mensurati
1101 5739 1197 5826 00001
1221 5739 1512 5829 0010000010100
1536 5742 1574 5807 01
1595 5742 1642 5808 ab
1664 5759 1706 5808 eo
1729 5741 1805 5807 loco
1829 5739 1891 5808 ubi
1913 5738 2080 5826 completi
2102 5739 2189 5806 sunt
2215 5739 2324 5826 ipsos
2348 5735 2467 5806 trede-
