5372 7106
953 569 1033 647 bl]
1077 566 1456 646 LAPIDIBUS
2031 574 2075 644 11

319 768 427 856 Lapis
450 769 693 838 chelidoniolo.
719 769 924 839 chelidonio
940 769 1032 857 lapis
1048 769 1280 838 inveniuntur
1295 769 1334 838 in
1349 769 1556 838 ventriculis
1579 769 1827 836 hirundinum.
1854 727 1993 836 Genera
2008 786 2130 836 eorum

273 923 358 986 sunt
380 920 461 987 duo.
488 921 632 1006 nigrum
647 925 683 988 et
699 923 870 1007 ruphum.
888 922 979 1008 Cape
997 919 1220 1000 hirundines,
1238 922 1299 989 sed
1317 921 1480 990 meliores
1495 925 1580 990 sunt
1596 940 1665 1008 que
1681 939 1728 988 ex
1744 919 1840 990 nidis
1863 922 2055 988 sumuntur
2071 922 2133 1004 (1).

274 1077 310 1142 et
331 1075 422 1144 fissis
446 1093 569 1142 eorum
595 1075 804 1144 ventriculis
827 1076 961 1144 auseris
986 1077 1036 1162 (2)
1061 1075 1211 1162 lapides.
1238 1076 1326 1142 utile
1349 1079 1434 1144 sunt
1457 1075 1534 1151 tibi,
1562 1076 1674 1143 Rufus
1698 1074 1842 1162 quidem
1868 1078 1974 1142 sanat
1997 1076 2128 1143 lunati-

273 1246 341 1297 cos.
366 1231 403 1295 et
424 1228 569 1297 insanos
591 1232 626 1298 et
649 1231 851 1318 languidos.
877 1232 985 1301 iacies
1009 1235 1129 1299 autem
1152 1232 1215 1300 sic.
1240 1231 1395 1317 Accepto
1417 1231 1606 1317 panolineo
1629 1249 1719 1319 puro
1752 1232 1802 1316 (3)
1827 1230 1942 1317 alliga
1964 1248 2046 1297 eum
2063 1229 2126 1302 ibi.

272 1387 311 1452 et
331 1383 513 1452 circumda
534 1383 574 1452 in
596 1372 743 1453 sinistro
768 1385 914 1454 brachio
937 1387 1031 1453 male
1055 1385 1213 1453 habenti.
1239 1389 1276 1452 et
1301 1388 1399 1454 iutra
1422 1383 1480 1451 die
1517 1387 1625 1451 tertio
1654 1383 1841 1452 curabitur
1877 1386 1941 1470 (4).
1966 1351 2136 1452 Preterea

273 1537 496 1624 gratissimos
519 1538 607 1606 iacit
629 1542 814 1624 portantes
839 1556 877 1606 se
902 1539 952 1622 (5)
976 1541 1012 1606 et
1035 1539 1207 1606 facundos
1231 1539 1340 1608 etiam
1366 1539 1541 1608 amabiles
1564 1540 1602 1605 et
1624 1539 1782 1606 idoneos.
1801 1538 1913 1624 Niger
1937 1541 2056 1606 autem
2075 1556 2135 1624 ge-

272 1692 393 1759 status
415 1690 582 1758 similiter
616 1691 770 1776 negotiis
803 1693 965 1758 omnibus
1002 1691 1089 1758 fines
1112 1689 1236 1758 ottime
1260 1691 1423 1776 imponit.
1450 1695 1519 1758 Nec
1545 1711 1613 1758 non
1638 1693 1683 1759 ad
1706 1710 1828 1759 omnes
1854 1691 1968 1759 minas
1991 1694 2029 1757 et
2051 1691 2127 1758 iras

272 1863 399 1930 regum
421 1849 458 1912 et
491 1845 714 1912 dominorum
737 1848 900 1931 portatus
922 1843 1072 1912 obsistit.
1099 1845 1188 1911 Nam
1205 1843 1267 1932 qui
1282 1847 1393 1913 habet
1416 1862 1495 1911 eum
1512 1863 1632 1912 secum
1657 1843 1819 1911 omnibus
1836 1845 2038 1913 hominibus
2054 1846 2130 1931 pla-

272 2001 379 2068 cebit.
405 2003 442 2067 et
464 1999 510 2068 ad
531 2019 674 2067 omnem
710 1999 901 2066 arbitrium
935 2017 1039 2065 suum
1073 1998 1249 2084 perducit.
1276 1999 1327 2083 (6)
1350 1999 1456 2064 fldem
1484 1999 1578 2065 enim
1605 1999 1657 2064 eis
1681 1999 1903 2066 accomodat.
1929 1999 1995 2067 sed
2020 1999 2051 2066 si
2076 1999 2134 2067 cui

275 2153 397 2221 dolent
418 2151 514 2220 oculi
534 2151 610 2238 jam
637 2155 718 2218 ante
741 2151 828 2219 teris
851 2170 932 2218 eum
956 2169 1037 2218 cum
1072 2168 1180 2238 aqua.
1205 2153 1242 2218 et
1265 2149 1435 2235 inunguis
1471 2152 1525 2218 ita
1547 2150 1758 2218 salvabitur.
1785 2153 1836 2236 (7)
1861 2153 1905 2216 Et
1928 2170 2009 2217 cum
2033 2151 2131 2219 tollis

272 2305 316 2373 de
332 2304 454 2373 nidum
470 2307 620 2372 observa
636 2308 675 2372 ut
691 2324 756 2374 uec
779 2307 882 2392 pater
905 2323 1029 2372 eorum
1052 2308 1118 2372 aut
1140 2305 1256 2371 meter
1272 2322 1381 2391 prope
1399 2306 1484 2371 sint.
1504 2303 1668 2371 meliores
1692 2304 1787 2370 enim
1811 2304 1960 2371 habebis
1983 2305 2128 2371 effectus

273 2476 408 2526 eorum.
436 2459 544 2543 Niger
568 2459 685 2524 autem
710 2457 799 2543 lapis
823 2457 950 2524 missus
973 2457 1012 2524 in
1036 2476 1151 2544 panno
1174 2458 1268 2526 lineo
1291 2477 1395 2526 croco
1418 2457 1542 2536 tincto,
1566 2458 1758 2525 tertianam
1782 2460 1818 2524 et
1840 2457 2056 2525 cotidianam
2082 2459 2132 2527 se-

274 2614 376 2680 brem
400 2611 604 2698 compescit,
631 2615 669 2678 et
690 2612 861 2679 adversus
883 2631 1024 2680 omnem
1048 2617 1222 2680 tumorem
1247 2615 1351 2698 aptus
1375 2613 1530 2680 excellet
1556 2613 1619 2694 (8).
1862 2559 1864 2566 Ι

318 2773 424 2861 Lapis
447 2771 661 2841 cheloniten.
679 2771 886 2839 Obeloniten
902 2769 994 2856 lapis
1009 2773 1063 2836 est
1079 2767 1124 2836 ad
1140 2767 1396 2855 praenoscenda
1411 2767 1684 2834 lutura-habens
1699 2766 1791 2832 enim
1811 2784 1893 2833 cum
1909 2767 1976 2833 sub
1993 2759 2131 2851 lingua.

273 2928 520 3016 quodcumque
543 2926 698 2995 volueris
722 2925 823 2993 dicis.
850 2927 886 3009 (8
901 2921 969 3008 bis)
982 2925 1066 2990 Gom
1091 2925 1212 2991 autem
1230 2919 1410 3007 acceperis
1426 2937 1507 2988 eum
1523 2923 1608 2985 ante
1625 2919 1690 2986 tibi
1706 2937 1744 2985 os
1766 2919 1895 2987 dilues.
1918 2919 2028 2986 Valet
2043 2937 2135 3004 prae-

278 3297 291 3330 ι
315 3290 386 3333 sum
406 3269 569 3348 anguium.
593 3265 642 3348 (a)
665 3265 794 3327 Potatus
816 3281 889 3324 oum
909 3279 1017 3342 aqua,
1040 3258 1142 3322 omnis
1163 3259 1322 3339 serpentis
1343 3258 1459 3320 vulnus
1480 3257 1597 3319 eximie
1618 3264 1729 3327 sanat,
1753 3263 1784 3318 et
1821 3259 1940 3320 fluxum
1961 3258 2129 3337 sanguinis

276 3446 288 3478 ι
312 3420 384 3482 eine
407 3415 646 3479 intermissione
668 3409 794 3472 liuentis
819 3433 831 3466 ι
855 3406 1118 3484 circumligatum
1139 3408 1246 3464 autem
1269 3403 1319 3464 vel
1341 3401 1532 3462 umbilicum
1553 3400 1721 3479 unguendo
1743 3405 1798 3461 aut
1819 3420 1875 3481 per
1895 3403 2055 3482 potionem
2070 3401 2124 3463 da-

277 3593 289 3626 ι
314 3565 364 3628 bis
392 3561 557 3643 lapidem,
581 3559 754 3620 curationis
775 3553 888 3635 gratia.
913 3551 1058 3632 Amplius
1078 3567 1136 3632 per
1156 3547 1320 3609 stillicidia
1342 3544 1536 3624 mejentibus
1558 3543 1683 3604 urinam
1704 3542 1857 3623 persolvit
1879 3547 1912 3602 et
1932 3547 2034 3604 sanat.
2056 3565 2067 3598 a
2092 3575 2134 3586 -

273 3717 312 3776 A.
339 3738 351 3770 ι
375 3714 411 3774 ln
432 3714 597 3772 oculorum
619 3703 872 3767 eventationibus
893 3699 1049 3764 contritur
1070 3715 1142 3757 cum
1163 3696 1269 3756 Attico
1291 3692 1387 3755 melle
1408 3711 1471 3754 non
1492 3689 1647 3768 fumigato
1663 3690 1812 3750 inunctus
1834 3691 1937 3758 sanat;
1952 3691 1984 3749 et
2005 3703 2132 3747 ornnem

278 3883 290 3914 ι
318 3858 484 3919 oculorum
508 3852 649 3916 dolorem
671 3851 795 3911 infusus
816 3867 887 3909 cum
909 3847 991 3907 laete
1012 3843 1155 3906 mulieris
1178 3847 1289 3914 curat;
1311 3841 1478 3919 praeterea
1498 3836 1607 3898 ulcera
1628 3835 1794 3896 oculorum
1814 3838 1847 3896 et
1867 3851 2010 3894 morsum
2033 3849 2132 3910 angu-

279 4027 290 4060 ι
316 4003 394 4062 ium.
419 3999 551 4060 Petatus
573 4015 645 4056 cum
666 4012 750 4073 aqua
770 3991 872 4053 omnia
893 3989 1048 4068 serpentis
1070 3985 1186 4047 vulnus
1208 3983 1324 4045 eximie
1360 3985 1470 4051 sanat,
1493 3984 1525 4042 et
1545 3980 1666 4040 fluxum
1697 3977 1861 4056 sanguninis
1882 3977 1951 4038 sine
1972 3976 2136 4037 intermis-

279 4171 290 4204 ι
316 4148 404 4207 sione
426 4142 578 4213 fluentis;
601 4138 841 4216 circumligatus
862 4140 970 4196 autem
990 4132 1179 4193 umbilicum
1200 4129 1249 4192 vel
1271 4126 1441 4208 unguendo
1463 4133 1518 4188 aut
1541 4145 1598 4206 per
1618 4126 1777 4206 potionem
1800 4123 1892 4186 dabis
1916 4121 2054 4202 lapidem
2078 4141 2134 4182 cu-

279 4317 290 4350 ·
319 4289 452 4351 rationis
473 4285 587 4366 gratia.
611 4283 757 4364 Amplius
778 4280 971 4360 mejantibus
992 4277 1117 4338 urinam
1139 4273 1292 4356 persolvit
1313 4277 1344 4335 et
1365 4278 1466 4335 sanat.
1493 4293 1505 4326 a

316 4435 365 4517 (l)
389 4435 425 4495 P.
450 4432 490 4492 ed
512 4433 551 4493 A.
574 4435 624 4491 tra
645 4427 804 4510 parentesi
825 4425 985 4505 ripcrtano
1006 4423 1036 4483 le
1057 4421 1177 4502 parole:
1203 4445 1215 4478 ι
1238 4419 1295 4481 sed
1316 4418 1464 4481 meliores
1485 4423 1558 4496 sapt
1581 4417 1696 4494 quiex
1719 4414 1800 4476 nidis
1822 4416 2003 4474 sumuntur.
2032 4435 2043 4466 ι

316 4579 364 4662 (2)
388 4579 424 4641 P.
448 4577 487 4638 ad
510 4577 548 4638 A.
575 4600 588 4633 a
612 4577 705 4636 auser
725 4572 857 4652 lapides.
884 4594 894 4625 a

316 4727 363 4808 (3)
386 4725 421 4786 P.
445 4723 484 4786 ed
505 4724 545 4794 A,
571 4745 583 4778 ι
608 4725 738 4800 accepto
759 4735 862 4797 panno
883 4713 980 4786 lineo,
1003 4731 1121 4793 puro...
1147 4735 1159 4766 ι

316 4871 365 4951 (l)
390 4871 426 4932 P.
449 4869 489 4930 ed
510 4869 549 4930 A.
576 4893 587 4924 ι
612 4870 644 4927 et
665 4865 698 4927 in
720 4863 771 4924 die
792 4861 888 4923 tertio
910 4859 1086 4920 curabitur.
1114 4880 1125 4912 ι

318 5019 367 5100 (5)
393 5019 429 5080 P.
452 5037 470 5078 e
491 5017 530 5077 A.
558 5039 570 5071 ι
594 5015 756 5095 portantes
777 5009 878 5070 illum.
904 5031 916 5062 ι

317 5163 365 5244 (6)
388 5162 425 5224 Ρ.
450 5180 468 5221 e
489 5161 528 5221 A.
556 5182 568 5216 ι
592 5161 624 5220 et
644 5173 755 5216 omnes
777 5152 814 5212 ad
837 5149 1006 5211 arbitrium
1028 5165 1122 5208 suum
1143 5144 1297 5226 perducit.
1324 5165 1335 5198 ι

316 5307 365 5389 (7)
387 5307 423 5370 P.
447 5325 465 5366 e
488 5306 528 5376 A,
555 5327 567 5360 ι
590 5308 660 5367 tera
681 5319 754 5361 eum
776 5317 848 5358 cum
872 5313 965 5375 aqua,
987 5299 1019 5354 et
1040 5295 1171 5369 inunge,
1194 5293 1226 5351 et
1247 5287 1435 5351 salvabitur.
1462 5309 1473 5340 ι

318 5451 365 5533 (8)
387 5452 423 5512 Ρ.
451 5454 518 5510 «et
540 5447 692 5508 advorsus
712 5460 839 5504 omnem
861 5445 1020 5499 tumorem
1041 5433 1236 5497 excellenter
1270 5437 1319 5493 est
1341 5431 1444 5510 aplus'.
1471 5451 1482 5484 ι
1507 5465 1547 5474 -
1569 5429 1607 5489 A.
1634 5451 1645 5480 ι
1681 5431 1711 5484 el
1740 5423 1892 5486 adversus
1923 5441 2050 5485 omnem
2073 5423 2135 5481 bu-

277 5617 401 5660 morem
422 5593 616 5657 excellenter
636 5595 685 5652 est
708 5593 809 5668 aptus.
836 5609 847 5640 ι

320 5736 435 5820 (ubis)
460 5737 498 5797 A.
519 5760 531 5792 ι
556 5749 777 5814 quaecumque
797 5728 936 5790 volueris
958 5725 1065 5786 discis.
1092 5747 1103 5779 ι

324 5885 371 5965 (a)
393 5883 485 5946 Nella
507 5887 593 5944 nota:
620 5907 631 5936 ι
656 5880 819 5957 anguium,
843 5875 874 5936 id
897 5879 958 5946 est,
980 5871 1187 5954 serpentium,
1210 5869 1332 5948 positus
1354 5883 1421 5926 eum
1445 5863 1513 5924 cod.
1538 5861 1695 5941 glossema
1719 5861 1812 5923 simul
1837 5867 1868 5922 et
1890 5857 2049 5940 sphalma.
2076 5880 2088 5913 ι
