5452 7108
619 519 664 595 ut
1243 519 1421 595 eooax
1468 519 1737 598 civnnsm
1849 475 1853 482 ’

569 719 691 789 vinum
714 724 751 788 et
773 738 925 806 pomam,
951 735 1059 810 quam
1084 717 1167 786 inde
1191 717 1336 796 exierit,
1361 719 1588 788 medietatem
1612 717 1694 786 inde
1715 717 1802 786 dare
1824 719 1870 787 ad
1892 735 1976 805 pars
1999 715 2161 805 predicta
2182 715 2416 795 monasteria,

565 871 793 943 medietatem
817 875 901 942 inde
924 874 993 943 sivi
1018 877 1164 944 habero.
1191 878 1236 943 Et
1259 876 1383 944 amodo
1407 893 1471 962 per
1493 873 1608 941 omnis
1630 891 1765 941 annum
1788 891 1871 959 pars
1887 871 2048 957 predicta
2063 869 2281 938 monasteria
2303 869 2424 939 deant

567 1029 751 1116 adipsum
773 1031 896 1116 petrus
918 1029 1012 1098 lilius
1035 1029 1186 1117 predicti
1210 1027 1375 1097 iohannis
1399 1029 1503 1098 etad
1539 1028 1615 1096 eius
1638 1027 1785 1094 heredes
1808 1025 1940 1094 ibidem
1966 1026 2150 1111 horganea
2175 1026 2268 1092 bona
2294 1025 2341 1092 da
2370 1025 2421 1093 vi·

570 1203 674 1262 num,
700 1177 737 1251 e't
759 1182 821 1250 ille
844 1185 881 1250 et
903 1201 983 1250 suos
1006 1183 1155 1251 heredes
1179 1201 1243 1270 per
1266 1183 1382 1250 omnis
1405 1201 1540 1250 annum
1563 1182 1641 1269 ipsa
1662 1200 1821 1267 organea
1843 1179 2020 1257 conciare,
2045 1182 2083 1246 et
2104 1179 2280 1256 studiare,
2309 1180 2346 1246 et
2369 1199 2426 1247 re-

569 1355 698 1423 ponere
721 1339 760 1405 in
783 1356 867 1406 casa
889 1355 955 1406 sua
979 1337 1079 1406 aliud
1103 1337 1196 1424 quod
1219 1337 1259 1404 in
1282 1337 1360 1424 ipsa
1384 1335 1578 1406 traditione
1600 1335 1724 1402 amodo
1747 1337 1784 1401 et
1798 1352 1937 1420 semper
1963 1333 2132 1401 babuerit
2157 1330 2304 1418 lignitia
2335 1332 2425 1400 etin

568 1493 645 1578 ipsa
659 1511 818 1579 organea
830 1493 974 1560 mittere
986 1493 1176 1560 sortionem
1195 1489 1357 1578 predicta
1376 1485 1592 1558 monasteria
1611 1489 1654 1556 de
1674 1489 1750 1576 ipso
1765 1489 1888 1556 vinum
1897 1485 2036 1564 salbum
2048 1488 2194 1565 faceret,
2212 1487 2321 1555 donec
2334 1489 2417 1556 illut

567 1643 650 1712 inde
662 1643 788 1710 tulerit
802 1661 886 1730 pars
901 1646 1042 1730 prefata
1057 1643 1287 1720 monasteria,
1314 1646 1446 1731 absque
1462 1643 1738 1730 degeneratione
1753 1646 1789 1710 et
1805 1643 1888 1729 igne
1900 1647 1936 1710 et
1948 1661 2077 1710 mures.
2102 1643 2247 1711 Missum
2263 1643 2417 1730 predicti

568 1797 787 1874 monasterii,
801 1797 886 1865 dum
908 1817 973 1884 pro
988 1797 1063 1885 ipse
1081 1797 1257 1868 vindemie
1270 1797 1403 1866 ibidem
1426 1797 1578 1873 steterit,
1596 1795 1668 1863 illis
1691 1813 1771 1862 eum
1784 1796 1924 1864 nutrire
1940 1796 2133 1865 secundum
2149 1796 2294 1866 illorum
2310 1799 2426 1885 possi-

569 1951 720 2030 vilitate,
746 1955 782 2020 et
803 1971 868 2039 per
899 1953 1013 2020 omnis
1036 1969 1171 2021 annum
1194 1954 1298 2020 daret
1328 1953 1380 2020 eis
1403 1893 1697 2039 palmentaticum
1721 1969 1794 2018 una
1816 1951 1955 2036 gallina
1979 1955 2082 2020 bona.
2108 1954 2153 2019 Et
2174 1951 2218 2018 de
2242 1952 2335 2038 quod
2357 1971 2421 2038 per

568 2125 703 2174 annum
724 2105 764 2173 in
786 2106 864 2192 ipsa
886 2104 1080 2172 traditione
1103 2105 1317 2173 seminatum
1341 2107 1462 2184 suerit,
1488 2105 1597 2175 deant
1620 2107 1701 2175 inde
1728 2108 1936 2174 terraticum
1958 2105 1996 2174 in
2019 2124 2103 2194 pars
2126 2106 2277 2192 predicti
2294 2124 2425 2174 mona-

568 2260 682 2339 sterii,
706 2261 799 2328 sicut
824 2261 1041 2327 consuetudo
1077 2263 1131 2327 est
1154 2279 1218 2346 per
1252 2262 1328 2348 ipso
1352 2263 1481 2330 locum.
1508 2266 1552 2330 Et
1575 2265 1678 2351 quale
1702 2266 1859 2350 tempore
1882 2263 1928 2330 da
1962 2262 2030 2349 ipsi
2053 2261 2238 2329 duodecim
2272 2261 2357 2328 anni
2381 2261 2420 2330 in

569 2417 678 2482 antea
700 2415 823 2481 eadem
847 2433 905 2481 res
929 2415 990 2482 ille
1014 2419 1051 2482 et
1073 2435 1153 2483 suos
1177 2417 1325 2484 heredes
1349 2421 1471 2484 tenero
1502 2421 1538 2484 et
1560 2421 1725 2485 lavorare
1749 2418 1925 2494 noluerit,
1949 2417 2077 2486 inclita
2099 2416 2176 2504 ipsa
2199 2417 2304 2484 rebus
2327 2419 2422 2486 bona

567 2569 742 2647 lacerata,
759 2571 873 2649 surta,
890 2573 1004 2647 salba,
1022 2589 1102 2637 cum
1119 2568 1191 2658 ipso
1215 2573 1411 2658 applictum
1434 2573 1477 2640 de
1501 2572 1579 2659 ipsa
1602 2592 1686 2641 casa
1708 2575 1845 2640 clusum
1868 2575 2062 2659 copertum,
2089 2571 2314 2641 remittente
2329 2592 2416 2660 pars

567 2723 729 2811 predicta
753 2720 981 2802 monasteria,
1008 2723 1210 2791 faciendum
1233 2723 1316 2792 inde
1340 2727 1472 2804 omnia,
1498 2727 1592 2814 quod
1616 2727 1813 2804 boluerint;
1839 2731 1875 2793 et
1897 2726 2005 2794 liceat
2027 2728 2102 2813 ipse
2125 2729 2246 2814 petrus
2261 2728 2413 2796 clericus

568 2879 664 2947 filius
686 2879 838 2967 predicti
861 2878 1023 2946 iohannis
1057 2883 1094 2946 et
1115 2879 1193 2947 eius
1216 2880 1389 2957 heredes,
1414 2885 1450 2947 et
1472 2881 1629 2958 omines,
1655 2881 1747 2967 quod
1770 2880 1899 2948 ibidem
1921 2881 2108 2956 miserint,
2133 2880 2216 2947 inde
2244 2883 2420 2948 excutere

568 3032 646 3119 ipsa
669 3033 742 3100 alia
765 3053 861 3112 casa,
887 3034 980 3120 quod
1003 3035 1135 3102 ibidem
1159 3033 1338 3110 habuerit,
1365 3041 1401 3100 et
1424 3031 1536 3100 omnis
1560 3035 1703 3102 illorum
1726 3034 1869 3113 mobile,
1894 3039 1930 3102 et
1952 3035 2006 3102 ire
2029 3036 2088 3103 ubi
2111 3033 2315 3113 voluerint,
2342 3036 2425 3103 sine

568 3188 824 3256 contrarietate
847 3188 890 3255 de
913 3207 996 3275 pars
1020 3188 1177 3275 ipsorum
1201 3187 1430 3264 monasteria,
1457 3191 1520 3256 aut
1543 3191 1709 3278 cuiquam
1732 3193 1945 3270 hominibus
1971 3195 2008 3259 et
2030 3191 2108 3279 ipsa
2124 3193 2228 3259 rebus
2243 3209 2325 3258 cum
2345 3190 2424 3276 ipso

569 3357 765 3430 organeum
799 3347 939 3412 etcum
962 3345 1037 3430 ipso
1060 3343 1281 3433 applictum‚
1307 3346 1420 3412 totum
1443 3347 1594 3422 salbum,
1619 3345 1831 3449 sicntdixi‚
1858 3345 2044 3413 remittant
2077 3345 2124 3412 ad
2147 3363 2231 3431 pars
2266 3342 2426 3431 predicti

570 3499 800 3578 monasterii,
825 3500 917 3568 sicut
939 3520 1049 3587 supra
1083 3499 1217 3567 dictum
1241 3503 1307 3567 est.
1334 3502 1379 3567 Et
1400 3518 1465 3586 per
1487 3497 1748 3566 combenientia
1781 3515 1845 3585 per
1867 3497 2060 3564 iussionem
2083 3496 2194 3584 ipsius
2217 3495 2342 3564 domni
2360 3499 2426 3566 ab·

571 3655 657 3731 bati,
683 3655 757 3742 ipsc
781 3657 836 3724 leo
859 3659 1053 3723 monachus
1087 3659 1124 3724 et
1146 3657 1345 3742 prepositus
1369 3676 1432 3742 pro
1455 3673 1540 3741 pars
1562 3653 1713 3740 predicti
1744 3653 1950 3720 monasterii
1973 3652 2088 3720 sancti
2122 3652 2216 3738 petri
2239 3655 2276 3718 et
2297 3654 2426 3720 sancte

569 3808 744 3876 trinitatis
767 3809 937 3894 guadiam
960 3809 1071 3897 ipsius
1095 3811 1187 3896 petri
1212 3809 1364 3877 clericus
1387 3809 1509 3886 dedit,¹
1523 3814 1559 3876 et
1580 3809 1810 3876 fideiuxorem
1834 3805 1867 3872 ei
1892 3805 2008 3891 posuit
2032 3803 2233 3872 romoaldus
2247 3803 2290 3872 de
2306 3803 2423 3872 locum

569 3963 714 4032 nucerie
737 3963 831 4030 iilius
855 3963 1031 4050 quondam
1057 3964 1232 4031 romualdi
1257 3964 1413 4042 notarii3
1440 3967 1476 4031 et
1498 3983 1563 4050 per
1586 3965 1699 4048 ipsam
1722 3961 1892 4048 guadiam
1913 3959 2110 4046 obbligavit
2132 3979 2169 4027 se
2184 3965 2258 4046 ipse
2274 3959 2345 4026 don
2357 3978 2424 4028 nus

570 4119 680 4185 abbas
703 4136 767 4204 per
790 4117 1070 4197 combenientia,
1095 4121 1132 4184 et
1154 4135 1373 4186 successores
1396 4138 1499 4194 suos,
1524 4121 1561 4185 ct
1583 4139 1667 4206 pars
1690 4119 1840 4205 predicti
1871 4118 2077 4186 monasterii
2101 4117 2247 4194 amodo,
2274 4119 2311 4183 et
2334 4116 2424 4184 dum

570 4275 675 4340 rebus
698 4271 776 4358 ipsa
799 4271 968 4350 tenuerit,
986 4268 1058 4360 ipse
1082 4274 1206 4360 petrus
1229 4273 1382 4340 clericus
1404 4272 1496 4339 lilius
1519 4273 1669 4358 predicti
1692 4270 1840 4340 iohanni
1862 4275 1899 4340 et
1922 4269 1995 4340 eius
2021 4272 2169 4340 heredes
2191 4272 2418 4339 defensarent
2480 4349 2484 4355 ¹

570 4427 622 4495 eis
644 4427 888 4514 suprascripta
910 4426 1123 4494 tradictione
1147 4445 1227 4497 cum
1253 4424 1329 4494 bice
1352 4428 1394 4495 de
1419 4428 1477 4494 via
1499 4446 1565 4496 sua
1587 4429 1634 4494 da
1656 4431 1770 4497 omnis
1793 4431 1953 4498 homines
1984 4430 2150 4517 omnique
2173 4430 2349 4517 partibus.
2381 4433 2426 4498 Et

568 4582 598 4651 si
622 4585 758 4661 taliter,
783 4582 876 4650 sicut
898 4581 1032 4652 dictum
1056 4587 1122 4663 est,
1148 4585 1263 4653 eidem
1291 4587 1385 4672 petri
1408 4587 1574 4665 clericus,
1598 4589 1635 4654 et
1659 4587 1704 4654 ad
1728 4585 1804 4654 eius
1827 4585 1975 4653 heredes
1998 4607 2069 4654 non
2092 4585 2371 4672 adimpleverint,
2389 4588 2427 4654 et

572 4739 654 4808 illut
677 4741 734 4806 vcl
756 4737 886 4808 exinde
910 4758 1093 4807 removere
1126 4741 1190 4806 aut
1213 4741 1379 4807 contrare
1403 4740 1599 4844 quesierint
1632 4762 1696 4829 per
1730 4742 1990 4810 combenientia
2022 4761 2086 4828 per
2110 4743 2223 4828 ipsam
2252 4742 2423 4827 guadiam

569 4893 744 4979 obligavit
765 4913 802 4960 se
826 4894 901 4980 ipse
924 4894 1073 4962 domnus
1096 4895 1206 4963 abbas
1229 4898 1267 4963 et
1290 4915 1509 4966 successores
1531 4913 1625 4973 suos,
1643 4900 1679 4965 et
1695 4915 1778 4984 pars
1794 4895 1961 4965 iamdicta
1976 4897 2192 4966 monasteria
2214 4915 2427 4986 componere

569 5047 681 5134 ipsius
704 5048 796 5133 petri
819 5047 971 5115 clericus
986 5047 1051 5115 fllii
1065 5049 1216 5134 predicti
1232 5049 1410 5128 iohannis,
1427 5053 1464 5118 et
1479 5053 1524 5119 ad
1540 5050 1616 5120 eius
1632 5051 1791 5130 heredes,
1806 5052 2068 5140 quinquaginta
2091 5051 2177 5120 anni
2200 5052 2328 5120 solidos
2345 5071 2427 5119 oon·

571 5201 820 5279 stantinianos
830 5205 867 5268 et
878 5200 1001 5270 taliter
1016 5221 1080 5289 pro
1097 5205 1200 5291 parte
1217 5204 1329 5290 ipsius
1339 5204 1432 5292 petri
1441 5204 1564 5272 clerici
1576 5210 1613 5272 et
1628 5207 1748 5274 abbati
1765 5206 1829 5274 tibi
1846 5205 2086 5292 petrinotario
2102 5205 2258 5273 scribere
2267 5202 2425 5291 precepi.

617 5353 645 5447 ’ς
668 5358 742 5452 Ego
764 5357 820 5425 leo
844 5356 1020 5444 presbiter
1042 5360 1079 5424 et
1102 5362 1309 5427 monachus

616 5511 643 5603 †
667 5514 740 5598 Ego
763 5514 825 5600 qui
847 5531 957 5600 supra
979 5517 1117 5581 amatus
1142 5511 1266 5581 iudex.

618 5666 645 5758 ³5
669 5669 742 5754 Ego
766 5667 968 5734 romoaldus
991 5687 1048 5735 me
1070 5669 1275 5756 subscripsi.

615 5821 642 5914 †
666 5824 740 5908 Ego
763 5821 937 5890 madelmo
963 5821 1122 5890 notarius
1145 5842 1202 5890 me
1230 5825 1438 5909 subscripsi.
