5398 7106
1010 417 1424 493 ulrtouurluus

1114 715 1317 798 MCGX
1445 643 1446 648 ¹

1071 1030 1118 1106 A
1148 1027 1204 1103 D.
1234 1030 1359 1105 1055

344 1356 371 1447 †
395 1361 434 1426 ln
456 1361 599 1428 nomine
623 1361 755 1429 domini
779 1362 1027 1430 tertiodecimo
1051 1382 1146 1430 anno
1168 1361 1393 1448 principatus
1416 1359 1534 1427 domni
1558 1360 1673 1427 nostri
1695 1361 1856 1446 Gisulphi
1887 1361 2034 1447 gloriosi
2059 1361 2161 1448 prin-

298 1511 410 1599 cipis,
436 1533 556 1582 mense
580 1517 801 1593 Februario,
826 1519 952 1584 octaba
975 1515 1184 1584 indictione.
1218 1519 1310 1584 Ante
1334 1487 1391 1584 me
1414 1517 1487 1584 sico
1511 1516 1678 1584 comitem
1702 1517 1740 1582 et
1762 1515 1915 1583 iudicem
1940 1516 2160 1602 grimoaldus
2274 1543 2276 1548 ·

299 1688 417 1736 comes
439 1669 534 1738 sslius
558 1673 735 1758 quondam
760 1673 978 1759 rottelgrimi
1002 1674 1154 1749 comitis,
1194 1677 1232 1740 11
1255 1672 1504 1759 rottelgrimus
1527 1675 1564 1738 et
1584 1674 1708 1758 petrus
1741 1671 1807 1738 filii
1832 1629 1945 1756 ipsius
1969 1670 2160 1756 grimoaldi

299 1823 483 1892 coniuncti
506 1831 589 1892 sunt
612 1844 692 1893 cum
717 1824 918 1912 grimoaldo
941 1826 1149 1894 vicecomite
1183 1827 1257 1894 11111
1281 1828 1459 1914 quondam
1492 1826 1663 1894 iohannis
1699 1825 1858 1901 notarii,
1885 1827 1922 1890 et
1945 1825 2013 1910 ipsi
2038 1825 2162 1890 rottel-

298 1978 439 2064 grimus
454 1980 491 2043 11
506 1979 640 2064 petrus,
665 1981 831 2067 presente
854 1981 931 2066 ipso
954 1979 1118 2066 genitore
1140 1999 1216 2056 suo,
1235 1984 1347 2068 etper
1374 1981 1472 2049 illius
1496 1975 1730 2055 absolutoria,
1747 1998 1931 2066 perquem
1955 1979 2159 2066 omniaque

298 2132 336 2199 in
360 2132 454 2198 hanc
477 2133 619 2198 cartula
642 2132 777 2218 scripta
801 2135 837 2198 et
858 2133 1049 2200 scribenda
1072 2135 1156 2200 sunt
1178 2137 1351 2211 fecerunt,
1370 2136 1658 2202 clarificaverunt
1673 2153 1710 2200 se
1727 2136 1860 2201 habere
1885 2132 2064 2218 integram
2082 2153 2154 2200 me-

296 2285 466 2354 dietatem
490 2286 532 2353 do
556 2289 657 2354 terra
680 2305 806 2385 vacua,
832 2305 901 2372 que
924 2288 979 2353 est
1000 2287 1088 2355 ioris
1104 2288 1199 2354 hanc
1222 2287 1482 2356 salernitanam
1506 2287 1689 2355 civitatem
1705 2287 1744 2351 in
1760 2285 1836 2353 loco
1860 2285 2022 2352 tusciano
2046 2303 2155 2371 propa

296 2438 484 2506 ecclesiam
508 2441 631 2505 sancte
657 2439 781 2514 marie,
808 2458 877 2526 que
900 2439 1033 2508 dicitur
1055 2441 1138 2516 zita3
1156 2443 1193 2507 et
1208 2439 1379 2506 dixerunt
1402 2441 1513 2506 totam
1538 2439 1651 2524 ipsam
1675 2441 1809 2506 terram
1827 2441 1920 2506 esset
1935 2457 1999 2524 per
2019 2419 2103 2504 'dnis
2119 2440 2156 2506 et

297 2612 484 2660 mensuras
508 2593 600 2660 iusto
624 2612 728 2678 passu
752 2593 906 2660 hominis
930 2597 1214 2662 mensuratasli
1239 2597 1342 2682 parte
1365 2592 1627 2679 septemtrionis
1650 2593 1731 2660 finis
1755 2593 1816 2660 via
1833 2593 1990 2680 puplica,
2008 2597 2044 2659 et
2060 2592 2155 2679 passi

298 2739 545 2848 vigintiduo:
571 2745 600 2808 Α
625 2747 728 2829 parte
752 2745 946 2812 occidentis
969 2743 1048 2813 finis
1071 2746 1248 2824 aliorum,
1272 2749 1309 2830 et
1331 2747 1427 2834 passi
1453 2747 1622 2813 ducentos
1646 2746 1958 2831 quattuordecim:
1997 2747 2026 2810 A
2050 2747 2155 2831 parte

298 2896 450 2965 meridie
473 2896 554 2965 finis
578 2879 650 2974 via,
676 2899 712 2964 et
734 2899 829 2984 passi
854 2899 986 2983 viginti
1009 2900 1091 2976 du0;
1123 2903 1153 2967 A
1176 2902 1280 2987 parte
1303 2900 1452 2968 orientis
1475 2900 1563 2966 fines
1587 2899 1754 2975 aliorum,
1781 2903 1817 2966 11
1841 2917 1962 2985 passos
1986 2900 2155 2966 ducentos
2255 2935 2260 2941 ·

300 3053 470 3140 quinque.
497 3058 657 3123 Etsicut
681 3051 765 3140 ipsis
789 3045 1405 3141 111111111111111118111111111·
1439 3072 1637 3139 congruum
1677 3053 1769 3129 fuit,
1806 3055 1899 3121 bona
1922 3027 2071 3120 illorum
2097 3071 2157 3118 vo-

296 3209 462 3286 luntate,
496 3228 560 3296 per
583 3210 867 3278 convenientiam
893 3227 957 3296 per
980 3211 1073 3275 hanc
1098 3209 1276 3275 cartulam
1301 3208 1609 3275 venumdederunt
1632 3206 1701 3294 ipsi
1724 3207 1927 3293 grimoaldo
1953 3205 2154 3274 vicecomiti
2175 3297 2182 3310 Ι

298 3365 478 3451 integram
503 3365 617 3451 ipsam
641 3365 868 3432 medietatem
895 3382 975 3451 que,
1002 3367 1042 3430 ut
1064 3363 1198 3431 dictum
1222 3367 1302 3438 est,
1328 3364 1620 3432 clarificaverunt
1642 3381 1680 3430 se
1704 3365 1837 3430 havere
1861 3363 1905 3430 de
1929 3365 2006 3430 tota
2028 3381 2155 3448 supra·
2253 3362 2293 3380 ⁰
2392 3405 2395 3414 ·

296 3517 434 3604 scripta
455 3521 557 3586 terra
580 3536 645 3606 per
669 3519 859 3588 iamdictas
881 3519 970 3586 fines
994 3522 1030 3586 et
1053 3537 1254 3596 mensuras,
1280 3513 1361 3587 o'um
1384 3520 1548 3588 omnibus
1573 3521 1670 3586 infra
1700 3519 1815 3605 ipsam
1842 3517 2068 3585 medietatem
2093 3518 2158 3583 ha·

296 3667 470 3744 ventibus,
496 3635 703 3758 cunctisque
727 3672 804 3740 eius
827 3671 1080 3758 pertinentiis,
1116 3675 1256 3740 etcum
1280 3672 1358 3739 vice
1381 3673 1424 3740 de
1449 3671 1535 3758 ipsis
1559 3672 1639 3749 viis;
1666 3689 1717 3738 ea
1741 3671 1910 3748 ratione,
1944 3672 1984 3735 ut
2008 3670 2153 3756 integra

195 3881 198 3885 .
300 3823 547 3910 suprascripta
571 3823 740 3902 venditi0,
767 3825 925 3910 qualiter
947 3844 1058 3910 supra
1081 3823 1230 3910 legitur,
1256 3842 1395 3912 semper
1418 3825 1466 3892 sit
1490 3825 1528 3891 in
1551 3826 1728 3910 potestate
1751 3823 1863 3910 ipsius
1888 3822 2082 3914 grimoaldi
2104 3821 2155 3888 vi·

297 3958 460 4046 cecomiti
482 3983 518 4045 et
542 3978 715 4046 heredum
738 3978 828 4056 eius,
854 3981 891 4048 et
914 3977 1029 4046 licead
1054 3978 1157 4044 illum
1181 3979 1217 4044 et
1240 3977 1317 4044 eius
1340 3977 1490 4044 heredes
1513 3976 1556 4043 de
1579 3993 1622 4042 ea
1646 3977 1765 4043 facere
1789 3975 1882 4061 quod
1899 3971 2089 4042 voluerint.
2107 3976 2152 4040 Et
2200 3979 2201 3982 ’

295 4137 441 4222 ρ1ορ111
464 4133 768 4200 confirmationem
793 4133 902 4201 huius
928 4131 1146 4200 venditionis
1170 4132 1236 4218 ipsi
1262 4131 1429 4217 germani
1451 4133 1686 4218 susceperuut
1708 4133 1754 4198 ab
1777 4130 1853 4217 ipso
1876 4129 2078 4216 grimoaldo
2099 4127 2151 4194 vi·
2255 4109 2262 4117 ’

292 4293 462 4360 cecomite
486 4293 660 4358 statutum
685 4289 839 4376 pretium
863 4288 944 4356 auri
968 4287 1097 4356 solidos
1121 4287 1364 4374 quadraginta
1387 4287 1421 4352 in
1448 4288 1543 4352 omni
1567 4280 1837 4351 deliberatione.
1873 4285 2149 4369 1111111111-

294 4444 468 4512 nientiam
492 4445 560 4532 ipsi
586 4444 808 4531 grimoaldus
832 4447 868 4510 et
893 4441 1142 4528 rottelgrimus
1164 4443 1202 4507 11
1224 4441 1344 4527 petrus
1368 4437 1538 4528 guadiam
1562 4436 1631 4523 ipsi
1650 4435 1855 4534 grimoaldo
1871 4434 2072 4502 vicecomiti
2089 4435 2149 4502 de·

296 4598 429 4666 derunt
451 4601 487 4664 11
509 4598 750 4666 fideiussorem
775 4597 808 4664 ei
832 4598 1029 4684 posuerunt
1052 4594 1228 4662 maionem
1252 4593 1426 4662 comitem
1451 4593 1565 4658 tilium
1590 4591 1768 4678 quondam
1804 4589 1971 4656 landonis
1994 4589 2146 4656 comitis.

292 4755 329 4820 et
356 4770 420 4839 per
443 4755 556 4837 ipsam
580 4751 748 4838 guadiam
773 4749 840 4836 ipsi
858 4748 1107 4834 rottelgrimus
1130 4749 1167 4814 et
1189 4749 1310 4833 petrus
1333 4745 1589 4832 obligaverunt
1612 4763 1650 4812 se
1674 4747 1711 4810 11
1726 4743 1873 4810 illorum
1897 4703 2148 4812 heredessem·

294 4925 362 4994 per
376 4907 575 4978 defendere
599 4906 665 4992 ipsi
691 4905 890 4992 grimoaldo
914 4903 1113 4972 vicecomiti
1137 4905 1174 4970 11
1197 4901 1295 4969 illius
1318 4899 1507 4984 heredibus
1530 4898 1710 4983 integram
1745 4896 2027 4984 suprascriptam
2061 4915 2146 4964 ven·

289 5061 463 5128 ditionem
488 5062 532 5126 ab
555 5059 717 5126 omnibus
740 5057 941 5126 hominibus
964 5061 1001 5124 11
1023 5057 1198 5144 partibus.
1235 5062 1271 5121 et
1310 5054 1516 5121 tribuerunt
1550 5052 1618 5138 ipsi
1641 5015 1841 5136 grimoaldo
1876 5052 2076 5120 vicecomiti
2101 5052 2143 5119 li-

289 5217 459 5290 centiam,
475 5216 515 5280 11
538 5211 679 5299 quando
702 5210 763 5278 ille
786 5213 823 5278 et
846 5211 922 5278 eius
945 5210 1093 5295 heredes
1116 5209 1307 5286 voluerint,
1332 5208 1540 5295 potestatem
1566 5207 1724 5274 haveant
1746 5197 2032 5293 suprascriptam
2058 5224 2143 5273 ven·
2238 5303 2242 5309 Ι

300 5367 469 5435 ditionem
493 5383 616 5452 perse
641 5343 844 5440 defendere,
870 5361 1027 5450 qualiter
1050 5359 1240 5437 voluerint,
1269 5380 1348 5428 curn
1369 5359 1533 5427 omnibus
1564 5359 1824 5428 muniminibus
1858 5361 1895 5426 et
1929 5359 2139 5435 rationibus,

291 5541 383 5610 quas
406 5521 449 5588 de
473 5538 516 5587 ea
539 5518 771 5586 ostenderint.
796 5519 834 5585 11
854 5516 897 5594 si,
922 5515 1016 5585 sicut
1038 5515 1201 5600 superius
1224 5513 1396 5600 seriptum
1419 5516 1485 5591 est,
1511 5513 1578 5598 ipsi
1604 5515 1862 5600 rottelgrimus,
1888 5517 1925 5581 et
1946 5517 2080 5600 petrus,
2105 5516 2141 5581 11

299 5675 444 5743 illorum
470 5673 618 5740 heredes
641 5672 708 5758 ipsi
733 5668 931 5757 grimoaldo
954 5666 1153 5734 vicecomiti
1175 5669 1213 5733 et
1234 5665 1332 5734 illius
1355 5667 1544 5735 heredibus
1569 5687 1636 5736 non
1661 5667 1933 5754 adimpleverit,
1959 5671 1996 5734 11
2017 5686 2142 5754 supra·
