5372 7106
1277 436 1452 512 CODEX
1481 435 1738 510 GAVENSIS

1327 713 1693 828 Mooxxxu

1369 999 1430 1076 A.
1457 997 1515 1078 D.
1543 1000 1667 1079 1056

611 1274 639 1366 †
665 1277 705 1344 ln
728 1273 873 1342 nomine
896 1272 1032 1341 domini
1056 1269 1319 1360 quintodecimo
1343 1286 1438 1338 anuo
1463 1267 1687 1356 principatus
1709 1264 1829 1335 domni
1852 1262 1965 1332 nostri
1980 1257 2149 1350 gisulphi
2163 1257 2310 1347 gloriosi
2324 1256 2413 1346 prin·

565 1430 665 1516 cipis,
691 1445 812 1497 mense
836 1429 1001 1514 augusto,
1026 1443 1122 1496 nona
1146 1425 1353 1494 indictione.
1379 1426 1454 1509 Ego
1479 1422 1651 1492 iohannes
1667 1419 1818 1489 clericus
1841 1437 1962 1488 coram
1977 1433 2081 1505 prese
2089 1415 2168 1483 ntia
2184 1413 2309 1482 domne
2323 1415 2413 1485 theo-
2443 1471 2448 1480 .

564 1583 651 1652 dore
674 1581 747 1651 filie
770 1580 892 1650 domni
916 1580 1077 1670 gregorii
1101 1579 1256 1649 consulis
1278 1581 1316 1648 et
1339 1577 1441 1647 ducis
1465 1594 1710 1655 romanorum,
1736 1593 1806 1664 que
1828 1575 1948 1643 fuerat
1971 1590 2061 1639 uxor
2084 1567 2248 1657 paldultl,
2268 1567 2328 1656 qui
2350 1569 2414 1640 luit

575 1737 669 1806 illius
692 1737 846 1824 gloriose
869 1736 1038 1805 memorie
1062 1731 1181 1803 domni
1205 1733 1400 1821 guaimarii
1432 1731 1637 1820 principis,
1662 1747 1727 1818 per
1749 1727 1941 1796 iussionem
1965 1723 2062 1792 illius
2081 1693 2100 1802 ,Δ
2124 1741 2190 1810 per
2212 1725 2415 1791 convenien·
2448 1799 2452 1809 ,

564 1894 654 1962 tiam
678 1910 798 1960 coram
822 1890 959 1960 idoneis
983 1889 1144 1968 testibus,
1172 1892 1209 1957 et
1231 1908 1296 1977 pro
1320 1890 1424 1975 parte
1448 1887 1536 1965 eius,
1563 1885 1600 1953 et
1621 1881 1837 1971 guaimarii,
1864 1883 1902 1948 et
1923 1875 2096 1966 gregorii,
2120 1879 2158 1946 et
2178 1874 2357 1953 iohannis,
2380 1879 2414 1944 et

562 2044 731 2133 guidonis
753 2044 820 2113 filii
843 2044 954 2132 ipsius
977 2049 1105 2112 domne
1133 2041 1315 2119 theodore,
1332 2042 1369 2108 et
1384 2037 1547 2108 iamdicti
1570 2037 1731 2126 paldulfl,
1761 2031 1894 2123 tradidi
1910 2029 2067 2101 iohanni
2085 2019 2154 2098 'filii
2169 2028 2345 2117 quondam
2359 2046 2416 2097 eu·

563 2200 638 2268 limi
660 2199 761 2286 greci
784 2199 828 2266 de
850 2197 958 2265 terris
982 2214 1118 2273 eorum;
1138 2213 1206 2283 que
1229 2197 1314 2262 sunt
1336 2193 1422 2260 foris
1446 2193 1514 2259 hac
1537 2189 1683 2258 civitate
1706 2201 1815 2277 prope
1838 2187 1923 2255 litus
1939 2183 2051 2253 maris
2073 2187 2111 2254 et
2124 2183 2317 2252 coniuncte
2339 2199 2414 2250 cum

562 2352 739 2422 murioino
763 2351 867 2421 istius
890 2351 1075 2428 civitatis,
1102 2349 1195 2438 quod
1219 2350 1270 2418 eis
1294 2351 1452 2437 pertinet
1473 2348 1652 2434 integram
1675 2349 1834 2426 terram,
1860 2363 1926 2433 que
1948 2346 2002 2413 est
2024 2362 2088 2431 per
2110 2345 2198 2411 lines
2221 2345 2259 2409 et
2281 2361 2417 2410 mensu·

563 2522 650 2583 ras,
676 2505 770 2573 iusto
793 2522 898 2592 passo
935 2503 1092 2572 hominis
1115 2503 1355 2570 mensuratas,
1381 2505 1412 2566 A
1442 2503 1545 2586 parte
1569 2499 1718 2567 orientis
1741 2502 1795 2567 est
1817 2499 1896 2566 finis
1920 2497 2007 2576 via,
2040 2517 2109 2586 que
2131 2498 2187 2565 est
2208 2495 2307 2563 inter
2330 2496 2418 2563 hanc

562 2663 698 2727 terram
723 2657 929 2725 monasterii
952 2656 1065 2724 sancti
1089 2655 1166 2732 viti,
1192 2657 1229 2722 et
1251 2671 1315 2742 per
1339 2671 1382 2722 ea
1407 2653 1607 2722 mensurati
1631 2651 1736 2739 pedes
1771 2650 1902 2738 viginti
1924 2651 2106 2738 quattuor.
2132 2652 2163 2718 A
2186 2649 2295 2738 parte
2318 2650 2421 2718 meri-

561 2813 618 2879 die
643 2815 697 2879 est
719 2807 799 2878 finis
823 2813 923 2878 terra
946 2809 1104 2896 ipsorum
1129 2809 1256 2876 matris
1280 2811 1317 2875 et
1338 2808 1430 2894 filii,
1457 2811 1494 2876 et
1515 2807 1622 2895 pedes
1647 2807 1776 2895 viginti
1814 2809 2009 2895 quattuor:
2045 2808 2204 2895 Aperte
2225 2805 2421 2876 occidentis

559 2967 614 3032 est
637 2963 718 3032 finis
745 2965 845 3031 terra
867 2961 1035 3031 similiter
1058 2980 1194 3040 eorum,
1224 2963 1262 3029 et
1284 2961 1390 3049 pedes
1412 2960 1580 3030 sedecim.
1605 2961 1636 3028 A
1659 2963 1763 3048 parte
1786 2959 2049 3048 septemtrionis
2072 2961 2127 3028 est
2148 2959 2323 3030 similiter
2345 2961 2422 3030 finis

561 3121 662 3184 terra
686 3135 832 3196 eorum,
858 3119 895 3184 et
917 3117 1023 3203 pedes
1046 3115 1245 3184 duodecim.
1287 3117 1324 3182 et
1347 3115 1500 3182 revolvit
1521 3133 1586 3202 per
1608 3109 1722 3203 ipsam
1760 3115 1866 3182 finem
1889 3113 1925 3184 in
1949 3118 2052 3202 parte
2074 3115 2345 3202 septemtrionis
2367 3133 2423 3201 pe

561 3271 665 3340 dibus
688 3269 839 3348 decem,
864 3271 901 3338 et
923 3269 1077 3338 revolvit
1099 3271 1137 3338 in
1161 3271 1266 3357 parte
1289 3267 1443 3338 orientis
1465 3269 1667 3358 peripsam
1689 3271 1808 3349 finem,
1834 3269 1987 3358 pedibus
2018 3269 2214 3338 duodecim.
2243 3271 2324 3340 Tali
2346 3273 2425 3340 hor-

560 3421 643 3490 dine
666 3423 951 3510 suprascriptam
976 3427 1112 3490 terram
1137 3441 1202 3511 per
1225 3423 1491 3510 suprascriptas
1513 3424 1601 3492 flues
1624 3426 1662 3493 et
1684 3441 1871 3492 mensuras
1909 3422 2003 3491 iusto
2032 3423 2120 3512 pede
2143 3443 2277 3493 manus
2316 3426 2426 3494 homi-

561 3574 630 3653 nis,
657 3577 696 3643 ut
719 3575 1003 3664 suprascriptum
1028 3577 1094 3653 est,
1112 3579 1339 3646 mensuratas
1362 3577 1396 3644 ei
1419 3577 1566 3656 tradidi,
1585 3579 1625 3646 ut
1651 3577 1777 3646 amodo
1800 3576 1984 3664 completis
1999 3577 2120 3646 decem
2142 3579 2180 3646 et
2209 3580 2343 3648 nobem
2366 3553 2428 3647 an-

564 3731 633 3808 nis,
652 3729 715 3798 ille
738 3731 775 3797 et
798 3729 874 3798 eius
900 3730 1051 3798 heredes
1074 3731 1358 3820 suprascriptam
1383 3727 1610 3799 traditionem
1636 3749 1701 3798 sua
1725 3732 1873 3798 teneant
1895 3733 2080 3828 potestate,
2105 3733 2227 3801 foveas
2252 3735 2292 3801 et
2313 3729 2427 3803 omnis

559 3901 642 3953 suas
665 3883 843 3952 utilitates
867 3881 963 3951 iusta
986 3883 1163 3952 rationem
1181 3883 1232 3952 ibi
1260 3883 1408 3961 iaciant,
1428 3886 1465 3952 et
1486 3881 1518 3952 si
1541 3884 1721 3952 voluerint
1744 3901 1861 3953 casem
1884 3883 2042 3971 ligneam
2065 3875 2360 3964 construere'ibi,
2378 3887 2428 3955 ia·

559 4037 670 4116 ciant,
696 4037 862 4124 qualiter.
879 4031 1084 4115 voluerint,
1111 4039 1147 4104 et
1169 4037 1208 4104 in
1231 4055 1276 4106 ea
1301 4035 1513 4116 resideant,
1538 4039 1576 4106 et
1597 4039 1628 4106 si
1643 4039 1825 4107 voluerint
1847 4041 1949 4108 illam
1979 4041 2035 4108 vel
2059 4058 2106 4110 ex
2128 4061 2173 4111 ea
2196 4041 2246 4111 ad
2271 4041 2429 4110 residen-

565 4189 649 4258 dum
672 4189 757 4257 deat
780 4191 817 4256 et
839 4187 956 4257 omnir
980 4189 1064 4257 'suas
1089 4187 1264 4256 utilitates
1288 4188 1327 4256 in
1352 4187 1404 4257 eis
1428 4187 1697 4260 rationaviliter
1724 4191 1872 4262 saciant.
1911 4195 1956 4262 et
1979 4193 2072 4282 quod
2094 4211 2244 4266 censum
2280 4197 2322 4263 et
2343 4195 2433 4265 sedi-

560 4349 644 4412 tura
666 4360 712 4411 ex
736 4361 780 4411 ea
803 4343 929 4411 tollere
953 4359 1017 4430 per
1040 4359 1175 4410 annum
1198 4342 1394 4430 potuerint,
1421 4345 1535 4412 totum
1558 4344 1649 4414 illud
1672 4344 1740 4414 sibi
1763 4347 1933 4424 habeant,
1959 4347 2094 4416 facient
2116 4367 2163 4416 ex
2187 4367 2234 4418 eo
2258 4352 2358 4440 quod
2374 4369 2431 4418 ro·

559 4498 710 4566 luerint.
737 4498 890 4566 Tantum
913 4515 1057 4566 censum
1081 4515 1147 4585 pro
1170 4499 1416 4585 suprascripte
1431 4497 1628 4569 traditione
1651 4499 1737 4568 dent
1760 4502 1858 4568 omni
1876 4517 1970 4569 anno
1994 4517 2105 4589 usque
2120 4503 2324 4590 completos
2341 4505 2432 4590 ipsos

560 4667 672 4720 annos
696 4649 783 4737 ipsis
808 4651 917 4719 matri
940 4654 977 4718 et
998 4651 1094 4728 filiis,
1119 4653 1156 4718 et
1179 4651 1327 4718 illorum
1350 4649 1554 4729 heredibus,
1594 4653 1658 4720 aut
1682 4652 1727 4720 ad
1751 4651 1899 4721 missum
1922 4671 2045 4722 eorum
2067 4655 2150 4723 auri
2172 4658 2331 4726 tarenos
2354 4649 2430 4732 sex.

559 4803 603 4872 de
629 4803 731 4892 quali
755 4803 899 4871 moneta
923 4802 995 4872 illis
1017 4803 1141 4871 diebus
1167 4807 1204 4870 in
1227 4805 1296 4872 hac
1320 4802 1467 4873 civitate
1489 4805 1697 4892 figuratur,
1723 4803 1769 4874 ed
1793 4805 1995 4874 iaciendum
2017 4823 2064 4876 ex
2087 4807 2161 4886 eis,
2186 4810 2290 4898 quod
2314 4811 2434 4880 volue-

558 4955 635 5024 rint
655 4979 663 5036 ;
689 4959 821 5045 quarte
844 4927 930 5044 pars¹
953 4975 999 5025 ex
1023 4974 1064 5025 eo
1088 4958 1192 5025 tollat
1215 4957 1293 5045 ipsa
1318 4955 1450 5026 domna
1471 4957 1643 5027 theodora
1665 4964 1701 5029 et
1726 4959 1806 5028 eius
1838 4960 2014 5040 heredes,
2052 4965 2090 5030 et
2111 4965 2185 5030 tres
2210 4967 2344 5050 partes
2367 4965 2434 5052 ipsi

558 5109 625 5176 dlii
649 5109 725 5178 eius
749 5113 786 5178 et
809 5110 955 5180 illorum
978 5109 1129 5179 heredes
1153 5127 1260 5198 quam
1298 5109 1426 5179 taliter
1465 5109 1741 5201 suprascriptam
1765 5115 1995 5183 traditionem
2032 5115 2084 5184 eis
2106 5118 2287 5205 pertinet.
2332 5117 2434 5188 Etsi

560 5261 657 5331 intra
678 5263 773 5350 ipsos
798 5280 911 5332 annos
935 5265 1015 5352 ipsa
1038 5264 1168 5333 domna
1192 5263 1365 5333 theodora
1388 5268 1424 5334 et
1448 5264 1608 5334 iamdicti
1630 5267 1695 5334 dlii
1718 5269 1797 5337 eius
1819 5272 1856 5336 et
1878 5269 2022 5338 illorum
2048 5271 2202 5340 heredes
2228 5273 2336 5362 ipsas
2366 5277 2438 5341 ter·

561 5433 620 5484 ras
644 5434 767 5485 eorum
793 5415 972 5486 fabricare
996 5417 1203 5496 voluerint,
1229 5421 1269 5486 ut
1292 5418 1470 5519 veraciter
1494 5420 1685 5506 appareat,
1710 5421 1795 5487 tunc
1821 5419 1901 5508 ipsa
1923 5422 2092 5491 tradictio
2114 5423 2162 5492 sit
2184 5425 2228 5494 in
2253 5431 2438 5514 potestate

559 5587 683 5636 eorum
707 5569 939 5638 etheredum
963 5571 1121 5667 illorum3
1147 5575 1184 5640 et
1208 5573 1318 5640 liceat
1341 5572 1457 5659 ipsum
1479 5571 1669 5640 iohannem
1692 5574 1728 5640 et
1753 5573 1830 5642 eius
1854 5575 2013 5654 heredes,
2046 5579 2083 5644 et
2105 5577 2188 5646 illos
2215 5579 2359 5668 quibus
2376 5600 2439 5670 per

566 5741 628 5790 eas
651 5722 697 5791 ad
722 5723 948 5794 residendum
973 5724 1058 5793 data
1081 5725 1291 5811 paruerint,
1332 5727 1369 5792 et
1391 5724 1535 5793 illorum
1558 5727 1706 5797 heredes
1743 5729 1826 5798 inde
1849 5730 2050 5800 disturbare
2075 5737 2190 5820 ipsam
2217 5754 2380 5817 casam,
2405 5739 2442 5806 et
