5452 7108
987 507 1396 582 ululoulfltus
2022 509 2065 582 39

263 721 332 789 quc
361 704 457 771 lntro
481 703 567 790 ipsis
591 705 696 770 rebus
718 703 905 772 abentibus
928 703 1135 791 cunctisque
1159 721 1283 770 earum
1306 702 1537 790 pertinentiis
1561 705 1701 771 etcum
1738 703 1814 770 vice
1837 704 1880 771 de
1905 703 1961 770 bic
1986 722 2048 771 sue
2072 705 2118 772 Ut

268 873 410 944 semper
432 857 480 925 sit
502 857 540 925 in
563 857 730 944 potestati
753 861 813 924 tue
835 857 938 924 etde
960 856 1014 924 tui
1037 855 1160 924 eredes
1183 855 1386 924 faciendum
1411 875 1457 924 ex
1481 875 1521 923 eo
1546 821 1708 943 quicquit
1730 857 1928 926 volueritis.
1954 859 1991 925 et
2013 860 2116 946 prob-

262 1012 319 1076 ter
343 975 646 1079 confirmationem
670 1011 751 1078 uius
775 1015 894 1080 nostre
917 1011 1143 1080 tradictionis
1166 1011 1365 1100 recepimus
1403 1031 1426 1078 a
1464 1015 1499 1079 te
1534 1011 1738 1079 nominatus
1762 1011 2004 1080 machonolfus
2035 1011 2117 1080 auri

263 1165 335 1231 tari
358 1165 441 1232 voni
465 1165 742 1253 quinquaginta,
759 1165 958 1232 sicutinter
981 1164 1081 1233 nobis
1104 1164 1271 1233 convenit
1293 1165 1332 1234 in
1354 1165 1452 1234 omni
1467 1164 1828 1242 deliberationem3de
1851 1185 1923 1251 qua
1945 1184 2009 1252 per
2024 1183 2116 1232 vona

265 1318 514 1386 convenientia
536 1337 600 1386 nos
622 1318 857 1406 suprascripti
879 1321 999 1406 petrus
1022 1321 1058 1385 et
1079 1318 1198 1404 grima
1220 1318 1391 1404 guadiam
1415 1319 1481 1386 tibi
1496 1319 1708 1419 machenolfl
1725 1319 1885 1387 dedimus
1908 1337 1974 1405 ego
1996 1318 2115 1404 grima

265 1472 465 1557 presentem
489 1470 726 1558 suprascripti
748 1471 826 1539 viro
849 1491 948 1540 meus
971 1474 1008 1538 01
1030 1491 1103 1539 una
1125 1491 1206 1539 cum
1229 1473 1332 1540 illum
1354 1473 1587 1541 fideiuxorem
1612 1474 1677 1542 tibi
1704 1474 1884 1562 posuimus
1918 1493 1981 1542 nos
2015 1474 2113 1562 ipsis,

267 1625 304 1688 et
327 1641 392 1710 per
414 1623 493 1711 ipsa
515 1623 651 1710 guadia
673 1624 911 1711 obligavimus
934 1644 997 1693 nos
1019 1627 1056 1692 01
1078 1624 1209 1692 nostris
1232 1625 1397 1693 eredibus
1419 1644 1559 1712 semper
1591 1626 1781 1694 defendere
1807 1628 1872 1694 tibi
1895 1627 2018 1714 tuique
2041 1645 2117 1694 ere-

272 1776 375 1844 dibus
398 1775 542 1862 integra
564 1777 809 1864 suprascripta
831 1777 1045 1845 tradictione
1068 1797 1149 1845 cum
1172 1777 1248 1845 vice
1272 1778 1315 1845 de
1338 1778 1395 1845 bie
1418 1797 1507 1856 sue,
1533 1779 1626 1846 sicut
1649 1779 1813 1866 superius
1851 1779 2024 1866 scriptum
2047 1783 2113 1858 est,

261 1949 343 1997 cum
367 1931 464 1998 omni
487 1949 552 1998 sua
575 1932 796 2018 pertinentia
818 1935 864 2001 ab
886 1932 1050 2000 omnibus
1072 1932 1249 2001 ominibus
1272 1932 1440 2019 omnique
1464 1931 1640 2020 partibus.
1674 1935 1711 2000 et
1734 1931 1901 2000 inclitam
1924 1933 2114 2001 sortionem

264 2085 425 2150 nostram
448 2084 491 2151 de
515 2103 599 2152 casa
621 2085 766 2162 fabrita,
784 2086 877 2173 quod
893 2105 1079 2154 commune
1094 2090 1241 2155 abemus
1264 2105 1344 2152 cum
1369 2087 1595 2155 consortibus
1618 2087 1749 2154 nostris
1766 2089 1866 2155 Intus
1890 2089 2036 2156 castello
2052 2109 2117 2157 nu-

261 2238 357 2306 00110
381 2258 463 2306 cum
487 2239 564 2305 vice
587 2238 630 2305 de
654 2240 776 2327 platea
798 2243 835 2306 01
857 2240 982 2310 andita
1003 2259 1070 2309 sua
1092 2243 1129 2308 et
1151 2258 1232 2308 cum
1256 2240 1353 2308 omni
1376 2259 1442 2308 sua
1464 2240 1685 2328 pertinentia
1708 2241 1798 2308 illut
1821 2241 1886 2309 tibi
1898 2242 2058 2312 dedimus
2080 2247 2117 2310 et

265 2389 479 2460 tradidimus
501 2411 583 2460 cum
605 2394 726 2461 omnia
749 2395 846 2463 Infra
868 2414 906 2462 se
928 2398 1076 2463 abentes
1098 2414 1238 2483 semper
1261 2399 1301 2464 tu
1324 2399 1361 2462 01
1383 2396 1437 2464 tui
1460 2397 1583 2464 eredes
1607 2394 1694 2462 illut
1717 2396 1866 2475 aveatis,
1891 2397 2045 2467 faciendi
2068 2415 2115 2465 ex

260 2565 302 2613 eo
329 2547 491 2634 quicquit
514 2549 710 2626 volueritis,
735 2551 772 2616 et
795 2569 858 2618 nos
881 2553 917 2616 et
940 2550 1054 2618 nostri
1077 2551 1199 2618 eredes
1222 2551 1306 2618 illut
1330 2551 1395 2618 tibi
1420 2551 1544 2640 tuique
1567 2551 1732 2619 eredibus
1756 2552 1999 2630 defensemus,
2024 2552 2117 2620 sicut

268 2705 305 2768 01
327 2701 391 2770 illo
415 2703 508 2770 aliut
530 2702 622 2790 quod
645 2722 755 2792 supra
776 2705 913 2790 legitur
935 2708 981 2774 ab
1003 2705 1167 2774 omnibus
1189 2705 1380 2784 ominibus,
1405 2707 1442 2772 et
1466 2665 1607 2793 quando
1630 2706 1796 2774 voluerit
1841 2709 1880 2775 tu
1905 2711 1942 2775 et
1964 2706 2018 2774 tui
2041 2725 2118 2774 ere-

265 2856 326 2922 des
349 2856 393 2924 de
416 2859 492 2924 1010
514 2857 759 2946 suprascripta
782 2862 904 2926 nostra
926 2859 1140 2926 tradictione
1162 2837 1375 2946 potestatem
1398 2859 1535 2926 abeatis
1562 2859 1673 2926 modis
1696 2860 1783 2927 illut
1805 2860 2007 2938 defendere,
2023 2859 2117 2928 sieut
2172 2921 2173 2924 ,

270 3015 382 3082 bultis
406 3033 486 3082 cum
501 3015 664 3082 omnibus
678 3015 931 3084 moniminibus
954 3019 990 3084 et
1006 3015 1203 3084 rationibus
1219 3033 1308 3102 quas
1322 3013 1406 3082 inde
1428 3013 1643 3092 ostederitis,
1670 3018 1706 3082 et
1720 3015 1814 3084 sicut
1829 3014 1993 3101 superius
2007 3014 2118 3102 scrip-

265 3173 344 3238 tum
360 3172 426 3246 cst,
443 3170 526 3236 illut
549 3170 615 3238 tibi
639 3169 762 3257 tuique
784 3171 948 3238 eredibus
971 3189 1043 3238 non
1058 3170 1373 3258 adimpleverimus
1388 3172 1425 3237 01
1439 3169 1685 3259 suprascripta
1708 3169 1766 3235 vel
1789 3187 1835 3236 ex
1858 3167 1911 3236 eis
1926 3169 2117 3256 quicquam

264 3342 449 3391 removere
473 3325 537 3392 aut
559 3325 803 3394 contradicere
826 3324 1132 3412 presumserimus,
1157 3343 1221 3411 per
1245 3323 1322 3411 ipsa
1345 3323 1480 3410 guadia
1501 3322 1739 3410 obligavimus
1763 3342 1826 3392 nos
1850 3324 1912 3412 qui
1935 3341 2045 3410 supra
2060 3322 2116 3391 bir

264 3479 302 3543 et
326 3498 420 3548 uxor
442 3483 480 3548 et
502 3464 637 3548 nostris
656 3478 822 3547 eredibus
844 3497 1053 3566 componere
1076 3477 1142 3545 tibi
1165 3477 1289 3565 tuique
1312 3471 1489 3556 eredibus,
1514 3479 1551 3543 et
1573 3475 1631 3544 cui
1655 3495 1695 3544 ec
1718 3477 1860 3544 cartula
1895 3479 1934 3545 ln
1968 3495 2114 3544 manum

268 3635 445 3720 paruerit,
472 3635 629 3721 triginta
651 3634 733 3702 auri
755 3587 882 3701 solidos
905 3632 1224 3710 constantinianas,
1242 3635 1278 3700 et
1292 3630 1539 3718 suprascripta
1561 3629 1659 3698 vobis
1681 3630 1964 3718 adimpleamus,
1991 3632 2028 3696 et
2050 3647 2117 3715 ego

270 3777 390 3873 gr'ima
413 3806 452 3855 co
475 3786 597 3854 omnia
618 3785 864 3874 suprascripta
885 3785 970 3852 fecit
992 3787 1192 3872 presentem
1216 3785 1260 3853 de
1283 3784 1359 3872 ipso
1383 3785 1461 3853 biro
1484 3803 1584 3854 meus
1621 3785 1660 3854 in
1683 3785 1783 3854 cuius
1810 3772 1995 3855 mundium
2023 3805 2114 3864 sum;

270 3961 384 4029 quam
408 3944 444 4008 te
466 3944 589 4029 petrus
613 3939 877 4028 protonotarius
899 3939 1056 4007 scrivere
1078 3940 1296 4028 rogavimus.
1322 3942 1451 4008 Actum
1474 3940 1634 4009 nuceria.
1668 3915 1670 3920 ’

308 4093 335 4184 †
359 4097 434 4182 Ego
464 4094 649 4163 iohannes.

309 4251 337 4342 †
361 4253 436 4338 Ego
460 4249 673 4318 romoaldus.

993 4475 1368 4493 —-——·-

1050 4763 1345 4847 MLXXXI

1042 5014 1104 5089 A.
1131 5009 1189 5086 D.
1217 5009 1341 5086 1047

306 5193 335 5285 †
361 5196 403 5260 ln
426 5193 569 5262 nomine
593 5191 726 5260 domini
749 5186 917 5258 vicesimo
939 5203 1030 5252 nono
1053 5199 1147 5249 anno
1171 5179 1392 5268 principatus
1416 5176 1535 5245 domni
1574 5175 1688 5243 nostri
1711 5173 1905 5261 guaimarii
1939 5173 2115 5260 gloriosus

271 5353 453 5442 princeps,
479 5351 515 5416 01
538 5367 630 5416 nono
654 5365 746 5414 anno
769 5345 919 5412 ducatus
941 5337 1018 5406 eius
1040 5337 1173 5413 amalfi,
1198 5338 1235 5402 et
1256 5335 1383 5401 octabo
1404 5352 1499 5400 anno
1523 5331 1672 5399 ducatus
1695 5329 1772 5397 eius
1794 5328 1971 5406 surrenti,
1996 5331 2034 5396 et
2058 5347 2112 5395 se-

262 5511 321 5577 sto
348 5525 442 5576 anno
465 5502 688 5592 principatus
710 5501 747 5566 et
768 5499 924 5586 ipsorum
947 5493 1115 5562 ducatum
1138 5488 1258 5558 domni
1282 5487 1403 5574 gisulfi
1425 5485 1551 5554 eximii
1566 5485 1739 5573 principis
1762 5487 1799 5552 et
1820 5485 1920 5554 ducis
1942 5484 2008 5552 filii
2024 5483 2113 5561 eius,

270 5680 395 5730 mense
418 5659 551 5737 iunius,
578 5653 841 5744 quintadecima
864 5649 1070 5718 indictione.
1095 5644 1385 5714 Memoratorium
1409 5645 1542 5711 factum
1558 5662 1580 5709 a
1596 5661 1652 5710 me
1668 5639 1816 5709 alferius
1839 5638 2117 5726 archipresbiter
2164 5673 2165 5680 .

276 5821 314 5886 et
338 5820 447 5886 abbas
467 5813 614 5882 ecclesie
637 5807 753 5882 sancti
775 5805 937 5883 maximi,
954 5823 995 5874 eo
1011 5805 1103 5893 quod
1119 5805 1203 5870 ante
1226 5797 1417 5886 subscripti
1441 5799 1549 5865 testes
1571 5796 1706 5866 tradidi
1729 5796 1774 5864 ad
1798 5794 2000 5862 romoaldus
2022 5795 2117 5864 filius
