5398 7106
1012 499 1425 576 blelouurrebs

1055 799 1365 882 MoLxxn

1006 941 1010 948 ’
1057 985 1117 1059 Α.
1144 981 1200 1056 D.
1229 984 1352 1060 1052

341 1193 431 1285 †ln
455 1192 597 1260 nomine
620 1185 754 1259 domini
779 1188 964 1256 undecimo
987 1205 1081 1254 anno
1105 1183 1328 1271 principatus
1353 1185 1473 1254 domni
1498 1187 1611 1255 nostri
1634 1187 1753 1273 gisulfi
1786 1187 1932 1274 gloriosi
1958 1190 2144 1276 principis,

297 1365 417 1416 mense
440 1343 626 1422 octubris,
666 1345 769 1411 sexta
793 1343 998 1411 indictione.
1036 1344 1110 1428 Ego
1133 1341 1308 1409 iohannes
1331 1341 1484 1408 clericus
1507 1339 1602 1408 nlius
1626 1341 1804 1428 quondam
1841 1343 1915 1410 ursi
1948 1343 2149 1429 presbiteri.

298 1503 382 1569 ante
406 1499 623 1584 subscriptos
649 1499 782 1572 testes,
819 1516 883 1583 pro
907 1497 1010 1581 parte
1033 1495 1159 1563 domne
1183 1494 1352 1560 theodore
1374 1494 1519 1562 domina
1542 1513 1622 1560 mea
1645 1497 1682 1560 et
1707 1514 1797 1560 uxor
1832 1496 1902 1562 tuit
1933 1495 2051 1563 domni
2075 1498 2151 1584 pal-

296 1655 381 1722 dultl
407 1655 582 1722 seniorem
605 1671 724 1719 meum
747 1653 784 1717 et
806 1650 919 1717 illium
943 1653 1032 1717 bone
1056 1648 1225 1716 memorie
1249 1648 1372 1716 domni
1396 1648 1590 1734 guaimarii
1627 1649 1688 1736 qui
1724 1649 1792 1716 fuit
1826 1649 1991 1736 princeps
2029 1653 2066 1716 01
2089 1670 2152 1736 pro

296 1813 399 1896 parte
423 1810 466 1876 de
489 1809 573 1875 tiliis
596 1825 732 1884 eorum,
774 1805 828 1872 Ad
851 1805 1086 1873 laborandum
1111 1803 1245 1872 tradidi
1280 1805 1323 1871 de
1348 1805 1453 1871 rebus
1481 1803 1626 1872 illorum
1661 1806 1704 1872 de
1739 1805 1856 1872 locum
1891 1807 2149 1890 aputmoutem,

296 1964 389 2051 quod
413 1965 467 2030 est
490 1962 529 2028 in
552 1965 669 2030 locum
694 1961 753 2029 ubi
770 1963 890 2028 trentu
915 1960 1060 2035 dicitur,
1078 1963 1115 2026 01
1138 1961 1193 2026 est
1215 1961 1315 2026 terra
1340 1978 1421 2026 cum
1445 1961 1591 2027 arbusto
1615 1979 1679 2046 per
1702 1959 1783 2026 finis
1807 1961 1843 2026 'et
1859 1977 2044 2026 mensuras
2060 1957 2151 2024 iusto

295 2135 400 2203 passu
425 2117 662 2200 mensuratas.
703 2117 735 2182 A
758 2113 905 2182 meridie
927 2114 996 2181 tine
1022 2115 1081 2179 via
1104 2114 1189 2180 suut
1212 2112 1294 2179 inde
1319 2111 1414 2196 passi
1437 2111 1635 2179 duodecim:
1677 2114 1731 2180 Ab
1754 2113 1893 2180 oriente
1925 2115 2008 2180 abet
2030 2129 2152 2198 passos

296 2267 492 2352 nonaginta
517 2285 654 2333 unum:
680 2267 710 2331 A
733 2265 986 2352 septemtrione
1010 2284 1131 2352 passos
1154 2264 1307 2332 sedecim
1330 2288 1336 2331 :
1375 2267 1428 2333 Ab
1451 2265 1633 2333 occidente
1656 2270 1741 2334 sunt
1764 2267 1858 2353 passi
1882 2271 2038 2334 centum.
2080 2273 2150 2334 Hec

294 2424 415 2489 autem
438 2420 600 2508 predicta
624 2425 723 2487 terra
746 2440 827 2486 cum
856 2423 1001 2487 arbusto
1026 2439 1089 2506 per
1113 2419 1209 2506 ipsas
1235 2438 1420 2487 mensuras
1443 2421 1489 2487 ad
1506 2421 1741 2488 laborandum
1757 2421 1969 2489 tradidimus
1986 2421 2151 2488 iohannis

294 2577 454 2644 castaldo
478 2576 539 2662 qui
563 2575 694 2642 dicitur
717 2574 886 2659 galiardu
909 2575 951 2640 de
976 2575 1090 2660 ipsum
1115 2576 1231 2642 locum
1257 2577 1345 2660 aput
1369 2577 1499 2651 monte,
1517 2593 1582 2660 pro
1606 2578 1708 2660 parte
1732 2576 1774 2642 de
1800 2578 1877 2661 ipsa
1901 2575 2045 2642 domina
2069 2595 2147 2642 11100

293 2732 396 2799 etde
421 2731 488 2818 ipsi
511 2731 579 2798 filii
603 2733 690 2808 eius;
709 2735 746 2798 et
768 2701 852 2816 ipse¹
867 2731 1041 2798 iohannes
1064 2729 1290 2814 conpreensit
1313 2730 1391 2814 ipsa
1414 2728 1607 2795 traditione
1631 2748 1709 2795 curn
1736 2729 1812 2796 vice
1836 2729 1878 2795 de
1896 2731 1973 2815 ipsa
1997 2732 2067 2808 via,
2086 2750 2149 2819 pro

293 2889 396 2973 parte
419 2887 584 2955 iohannis
607 2887 678 2954 filio
701 2906 777 2954 suo:
803 2887 879 2952 Tali
905 2885 1020 2951 tinore
1044 2885 1091 2951 ud
1115 2875 1190 2971 ipse
1214 2851 1386 2951 iohannes
1410 2848 1568 2949 filiosuo
1592 2883 1728 2949 eteius
1752 2883 1901 2949 heredes
1925 2884 2056 2951 inolita
2072 2885 2149 2972 ipsa

293 3041 507 3109 tradictione
530 3060 610 3107 cum
633 3040 710 3107 vice
733 3041 776 3108 de
800 3041 878 3126 ipsa
902 3039 961 3106 via
984 3039 1084 3106 nasci
1107 3039 1285 3107 nascendo
1310 3043 1433 3106 tenere
1472 3040 1632 3106 01101100
1656 3041 1693 3104 01
1716 3057 1838 3105 omnes
1862 3039 2007 3106 illorum
2046 3040 2145 3129 utili-

292 3196 378 3263 tatis
402 3195 452 3263 ibi
476 3197 593 3263 tacere
616 3197 653 3262 et
676 3198 783 3262 abere
806 3195 901 3262 iusta
925 3194 1113 3280 rationem,
1138 3197 1175 3261 et
1199 3196 1409 3262 annualiter
1434 3196 1518 3280 apto
1542 3196 1700 3280 tempore
1723 3195 1838 3260 totum
1862 3194 1951 3261 illud
1976 3195 2019 3261 de
2043 3213 2149 3281 super

292 3353 329 3417 et
353 3349 396 3417 de
419 3352 550 3416 subter.
566 3351 732 3416 laborare
756 3351 793 3414 et
815 3348 986 3427 studiare,
1011 3348 1105 3416 sicut
1128 3349 1312 3426 meruerit,
1348 3349 1400 3416 Ud
1424 3349 1553 3417 cotidie
1577 3352 1708 3417 bonum
1733 3354 1860 3437 pareat
1883 3353 2083 3419 laboratum
2108 3355 2145 3418 et

275 3504 502 3582 Ι01111110111111,
528 3507 564 3570 01
588 3505 743 3590 qualiter
767 3504 896 3570 cotidie
920 3503 1082 3589 proficiat
1105 3505 1141 3570 01
1165 3509 1235 3570 non
1260 3503 1464 3589 dispereat,
1490 3505 1527 3571 et
1550 3505 1697 3571 arbores
1720 3508 1757 3571 et
1779 3508 1871 3572 vites
1895 3505 2025 3573 ibidem
2049 3508 2150 3593 plan-

291 3661 389 3725 taret
412 3663 448 3723 et
472 3613 712 3743 propagiuent
736 3655 797 3722 ubi
821 3655 1062 3732 meruerit;'et
1083 3675 1223 3742 semper
1247 3657 1290 3724 de
1315 3677 1400 3724 aree
1424 3660 1460 3724 01
1475 3659 1519 3725 de
1536 3659 1712 3726 vindemie
1736 3659 1872 3727 iaciant
1893 3661 1985 3727 scire
2009 3663 2146 3746 partem

291 3813 335 3879 de
359 3811 437 3898 ipsa
461 3811 605 3878 domina
629 3831 709 3878 mea
733 3815 769 3877 et
792 3811 835 3877 de
859 3809 927 3897 ipsi
951 3810 1016 3877 11111
1040 3809 1128 3888 eius,
1155 3815 1191 3878 et
1214 3812 1257 3878 de
1281 3813 1426 3880 illorum
1451 3813 1612 3890 heredes,
1650 3815 1701 3882 Ud
1725 3815 1776 3883 ibi
1811 3813 1973 3900 dirigant
1996 3815 2145 3882 missum

291 3984 409 4050 suurn,
435 3967 472 4032 et
495 3964 537 4030 de
560 3967 681 4032 omnia
706 3983 773 4050 que
797 3963 847 4030 ibi
870 3964 1126 4032 seminaberint
1149 3966 1257 4033 deant
1280 3967 1400 4054 ibique
1425 3967 1508 4034 inde
1532 3968 1745 4036 terraticum
1769 3969 1814 4036 ad
1839 3970 1954 4055 ipsum
1978 3970 2137 4046 missum,

291 4119 486 4186 secundum
510 4119 799 4188 consuetudinem
824 4119 867 4186 de
891 4119 1006 4205 ipsum
1031 4123 1174 4197 locum:
1200 4123 1238 4186 et
1261 4119 1378 4206 ipsum
1402 4123 1588 4188 arbustum
1612 4125 1649 4188 et
1671 4142 1802 4209 poma,
1840 4143 1908 4210 que
1932 4123 1982 4191 ibi
2006 4125 2148 4192 abuerit

290 4275 373 4358 apto
397 4275 555 4359 tempore
579 4271 715 4340 saciant
738 4273 902 4352 salbum,
928 4275 965 4340 et
988 4272 1252 4342 rationabiliter
1275 4275 1366 4343 illud
1391 4275 1636 4360 vindemient,
1675 4278 1711 4342 et
1733 4276 1862 4344 inclita
1886 4277 2078 4345 medietate
2101 4278 2144 4345 de

291 4428 366 4516 ipso
390 4431 512 4497 vinum
537 4431 573 4496 et
597 4430 639 4496 de
663 4429 741 4516 ipsa
764 4449 869 4516 poma
895 4428 1004 4496 deant
1026 4429 1072 4496 ad
1097 4429 1213 4517 ipsum
1238 4431 1385 4500 missum
1406 4480 1413 4508 ‚
1455 4433 1632 4518 reliquam
1657 4432 1884 4500 medietatem
1909 4433 1975 4500 sivi
1999 4435 2146 4501 abeant.

289 4587 327 4650 et
349 4584 428 4669 ipsa
452 4583 624 4650 medietas
647 4583 804 4670 ipsorum
828 4581 961 4650 seniori
985 4583 1056 4649 mei
1080 4584 1123 4650 de
1147 4583 1221 4671 ipso
1245 4584 1368 4652 vinum
1393 4588 1568 4672 reponant
1592 4585 1630 4652 in
1644 4605 1840 4671 organeum
1866 4607 1986 4655 eorum
2011 4588 2055 4655 ad
2072 4590 2144 4654 cel-

288 4733 417 4804 larium
442 4757 577 4813 eorum;
596 4738 751 4824 indeque
775 4741 812 4804 et
836 4741 951 4824 ipsum
968 4739 1190 4824 horganeum
1214 4758 1354 4825 semper
1370 4739 1445 4826 ipse
1461 4705 1633 4806 iohannes
1657 4739 1750 4808 tilius
1766 4740 2002 4827 suprascripti
2018 4741 2143 4808 iohan-

289 4889 346 4957 nis
369 4889 506 4958 laciant
528 4891 684 4959 studiare
708 4893 744 4957 et
767 4892 933 4958 conciare
957 4894 1101 4969 bonum,
1127 4893 1164 4958 et
1187 4892 1301 4978 ipsum
1326 4891 1472 4958 missum
1497 4894 1534 4958 et
1557 4893 1713 4979 hequum
1737 4911 1840 4960 suum
1865 4894 2074 4972 nutricem,
2102 4897 2142 4962 ut

288 5046 421 5112 iustum
445 5045 565 5120 luerit3
592 5049 628 5112 ot
651 5045 945 5131 palmentaticum
970 5044 1052 5111 inde
1076 5045 1197 5122 deant,
1222 5047 1317 5112 sicut
1340 5046 1540 5122 meruerit;
1567 5048 1603 5112 et
1627 5046 1665 5112 in
1688 5046 1860 5114 nativitas
1885 5046 2019 5115 domini
2043 5051 2080 5116 01
2104 5053 2141 5115 111

287 5217 396 5286 pasca
419 5197 552 5266 maiore
575 5201 734 5266 salutent
757 5218 896 5285 semper
920 5199 987 5285 ipsi
1010 5197 1143 5265 seniori
1167 5201 1203 5264 01
1226 5201 1371 5266 illorum
1396 5195 1556 5267 heredes.
1574 5202 1612 5266 01
1633 5199 1729 5266 omni
1753 5203 1910 5287 ternpore
1934 5201 2044 5268 liceat
2060 5201 2142 5270 mis-

285 5371 364 5419 sum
388 5372 510 5419 eorum
534 5351 743 5440 perquirere
767 5353 845 5436 ipsa
870 5352 1095 5429 tradictione,
1121 5351 1152 5418 si
1176 5372 1246 5419 non
1269 5356 1361 5420 esset
1386 5356 1475 5420 bona
1500 5355 1686 5440 hoperata,
1706 5355 1817 5421 liceat
1840 5354 1923 5422 inde
1946 5338 2140 5442 pignerare

287 5523 398 5592 usque
423 5505 467 5573 ad
490 5508 620 5591 legem:
646 5509 683 5573 et
705 5507 810 5593 quale
834 5509 992 5592 ternpore
1016 5503 1093 5592 ipsa
1117 5507 1330 5574 tradictione
1353 5509 1476 5573 tenere
1500 5510 1695 5584 noluerint,
1711 5507 1820 5576 liceat
1843 5509 1917 5576 illis
1940 5511 2022 5578 inde
2039 5511 2139 5577 exire

285 5681 368 5728 cum
395 5681 503 5772 causa
530 5681 651 5729 eorum
676 5661 834 5739 mobilia,
852 5665 887 5728 et
909 5664 959 5728 ire
986 5662 1044 5729 ubi
1069 5662 1260 5728 voluerint.
1287 5664 1440 5729 Tantum
1463 5663 1564 5748 prius
1588 5663 1773 5750 assignent
1796 5665 1841 5732 ad
1865 5668 2001 5752 portem
2025 5667 2069 5733 de
2085 5685 2139 5732 su-

284 5817 480 5906 prascripti
504 5817 637 5886 seniori
672 5823 708 5884 et
732 5817 774 5884 de
799 5818 941 5887 illorum
967 5817 1090 5888 eredes
1113 5817 1156 5884 de
1181 5818 1260 5904 ipsa
1285 5818 1478 5885 traditione
1502 5820 1605 5887 salba
1647 5821 1684 5886 et
1706 5822 1905 5907 hoperata,
1945 5822 2048 5910 quale
2073 5841 2145 5888 me·
