5454 7104
638 533 705 607 ltu
1291 523 1478 599 CODBX
1513 524 1785 600 ulvua81s

586 746 665 794 sum
688 745 778 794 uxor
802 727 890 802 eius,
908 724 1000 802 ideo,
1018 723 1102 791 dum
1127 723 1228 792 nobis
1252 742 1450 810 congruum
1474 741 1550 790 esse
1575 721 1728 799 videtur,
1746 723 1838 790 bona
1861 723 1994 788 etenim
2009 719 2135 802 nostra
2158 675 2439 783 volu‘ntateaute

586 845 924 964 ydoneos‘nomines
948 877 1165 963 subscriptos
1187 877 1295 944 testes
1329 879 1366 943 et
1389 873 1478 944 mihi
1501 876 1661 964 predicte
1696 871 1835 942 mulieri
1871 871 1972 942 iuxta
2005 871 2122 960 legem
2154 845 2435 938 'consentientem

588 1034 708 1104 eodem
732 1035 788 1101 vir
811 1052 853 1102 ac
876 1032 1070 1100 mundoald
1094 1049 1239 1106 meum,
1264 1029 1302 1097 iu
1326 1029 1428 1096 ouius
1451 1029 1637 1098 mundium
1659 1029 1801 1115 legibus
1823 1027 2009 1094 subiacere
2032 1043 2231 1110 cognosco,
2257 1041 2321 1110 per
2344 1025 2439 1090 hanc

588 1190 755 1260 videlicet
778 1190 956 1257 cartulam
979 1191 1083 1255 ambo
1107 1185 1327 1255 unanimiter
1349 1185 1559 1253 donabimus
1582 1183 1680 1252 vobis
1702 1179 1988 1270 supradictorum
2012 1179 2159 1247 iohanni
2182 1181 2220 1245 et
2241 1177 2435 1264 sikelgaite

590 1365 682 1414 uxor
706 1346 817 1433 ipsius
837 1345 932 1432 petri
955 1343 1080 1412 clerici
1105 1345 1249 1428 integra
1273 1344 1350 1428 ipsa
1374 1343 1479 1408 rebus
1502 1343 1636 1416 nostra,
1654 1357 1723 1427 que
1746 1343 1800 1405 est
1822 1337 1928 1404 vinea
1950 1339 1987 1403 et
2010 1338 2110 1403 terra
2131 1337 2168 1402 et
2183 1334 2437 1410 castanietum,

589 1499 680 1588 quod
704 1497 869 1588 superius
891 1496 1073 1566 declarabi
1097 1515 1163 1581 ego
1187 1496 1262 1582 ipse
1285 1494 1427 1562 alerissi
1451 1493 1688 1581 pertinentem
1713 1494 1847 1560 habere
1871 1493 1909 1557 in
1932 1489 2100 1557 iamdicto
2123 1491 2212 1566 loco,
2230 1487 2291 1556 ubi
2314 1491 2438 1556 cerba-

589 1671 686 1721 renze
709 1652 869 1726 dicitur,
896 1653 1042 1738 propter
1066 1669 1135 1736 quo
1158 1649 1281 1716 eadem
1305 1647 1457 1715 ecclesia
1481 1646 1652 1714 vocabulo
1675 1645 1791 1714 sancti
1813 1645 2011 1731 primiani,
2036 1663 2105 1732 que
2129 1642 2231 1711 modo
2253 1641 2435 1712 destructa

592 1811 660 1884 est,
688 1825 757 1874 non
781 1806 875 1872 enim
900 1806 1006 1891 longe
1029 1807 1075 1872 ab
1098 1801 1177 1889 ipsa
1199 1800 1274 1870 alia
1297 1801 1449 1869 ecclesia
1472 1801 1644 1868 vocabulo
1666 1799 1783 1868 sancti
1807 1799 1943 1866 tritoni.
1985 1799 2179 1886 atquibus
2213 1799 2292 1886 ipsa
2321 1800 2440 1874 rebus,

590 1960 682 2048 quod
709 1961 806 2028 vobis
830 1959 1040 2026 donabimus
1064 1957 1232 2024 hecduis
1255 1957 1387 2024 habet:
1424 1956 1467 2022 de
1493 1973 1564 2022 una
1587 1957 1691 2042 parte
1716 1973 1784 2041 que
1808 1957 1862 2020 est
1883 1951 1927 2020 de
1950 1955 2075 2021 subtus
2108 1953 2178 2020 fine
2202 1952 2261 2020 via
2284 1951 2441 2040 puplica,

592 2115 652 2182 ubi
681 2081 768 2200 erga
792 2113 915 2180 eadem
939 2113 999 2180 via
1022 2114 1171 2178 senuna
1194 2128 1379 2178 commune
1402 2129 1479 2178 esse
1503 2110 1669 2177 videtur:
1710 2109 1754 2176 de
1777 2107 1854 2176 alia
1876 2113 1979 2195 parte
2003 2107 2161 2195 qualiter
2194 2106 2357 2174 ascendit
2380 2125 2445 2194 per

590 2269 665 2338 alia
688 2269 747 2336 via
769 2267 925 2356 puplica:
943 2267 986 2334 de
1010 2265 1084 2332 alia
1108 2269 1208 2353 parte
1231 2266 1408 2333 directum
1432 2266 1669 2334 descendente
1692 2285 1781 2352 erga
1804 2266 1882 2352 ipsa
1907 2271 2011 2334 rebus
2034 2265 2194 2334 iamdicti
2218 2266 2385 2334 lamberti
2403 2269 2444 2333 et

590 2423 757 2492 iamdicto
780 2421 973 2508 sikelgaite
997 2421 1101 2488 uxori
1124 2437 1200 2498 sue,
1217 2419 1310 2506 quod
1332 2420 1400 2488 sibi
1425 2423 1714 2499 reserbaverunt,
1732 2421 1825 2488 sicut
1847 2421 1978 2489 ibidem
2003 2420 2147 2488 termini
2170 2420 2274 2506 positi
2297 2423 2392 2497 sunt,
2410 2423 2449 2486 et

591 2578 747 2665 qualiter
769 2576 866 2644 vadit
888 2577 1063 2643 directum
1087 2592 1152 2662 per
1175 2574 1293 2642 media
1316 2577 1529 2651 tornatoris,
1548 2592 1617 2662 que
1639 2577 1694 2643 est
1718 2578 1812 2643 inter
1836 2578 1901 2642 hoc
1925 2575 2017 2661 quod
2042 2577 2140 2642 vobis
2163 2575 2385 2654 donabimus,
2403 2579 2440 2642 et

590 2733 669 2818 ipsa
695 2732 799 2800 vinea
822 2732 978 2819 ipsorum
1001 2730 1173 2798 lamberti
1196 2733 1233 2797 et
1253 2731 1448 2816 sikelgaite
1473 2731 1580 2798 uxori
1603 2749 1666 2798 sue
1683 2749 1794 2817 usque
1820 2733 1856 2798 in
1880 2732 1952 2800 alio
1976 2731 2142 2808 termine,
2157 2731 2218 2819 qui
2241 2729 2376 2818 positus
2391 2737 2448 2798 est

589 2903 679 2971 erga
703 2883 875 2952 iamdicta
899 2885 958 2952 via
981 2884 1128 2972 puplica
1143 2883 1343 2969 propinquo
1366 2881 1529 2969 predicta
1552 2885 1701 2952 fontana
1716 2903 1903 2952 commune
1919 2883 2041 2971 priora
2064 2885 2143 2952 fine.
2169 2887 2347 2955 Infra‘hec
2363 2905 2449 2954 vero

593 3057 718 3108 omnes
741 3039 944 3127 supradicte
966 3039 1060 3114 duis,
1086 3057 1150 3105 nec
1174 3037 1300 3114 vobiS,
1326 3055 1390 3104 nec
1414 3038 1625 3124 cuicumque
1648 3040 1753 3107 alteri
1777 3038 1913 3108 homiui
1936 3040 2075 3108 nullam
2097 3038 2228 3106 exinde
2253 3040 2450 3108 reservabi-

446 3213 462 3238 ·
592 3213 672 3262 mus
695 3195 910 3268 habendum,
935 3196 991 3260 set
1013 3193 1157 3280 integra
1180 3193 1260 3279 ipsa
1282 3192 1456 3259 iamdicta
1479 3194 1585 3260 rebus
1608 3212 1672 3280 per
1695 3193 1921 3280 supradictas
1943 3193 2035 3270 finis,
2049 3193 2206 3280 qualiter
2229 3194 2442 3280 prelegitur,

596 3368 670 3418 uua
694 3368 773 3416 cum
798 3348 948 3415 inferius
972 3351 1008 3413 et
1030 3347 1214 3433 superius,
1240 3366 1320 3413 cum
1347 3346 1412 3415 viis
1435 3351 1472 3415 et
1495 3346 1629 3414 auditis
1652 3348 1726 3414 suis
1749 3367 1814 3436 per
1837 3351 1913 3434 ipse
1935 3348 2103 3416 iamdicte
2127 3347 2184 3414 vie
2203 3335 2345 3438 ,atque
2368 3369 2450 3416 cum

595 3501 758 3569 omnibus
781 3497 853 3568 suis
876 3499 1105 3587 pertinentiis
1138 3504 1278 3570 etcum
1303 3499 1465 3586 portione
1490 3505 1612 3566 nostra
1647 3499 1690 3566 de
1714 3500 1884 3568 iamdicta
1908 3503 2054 3568 tbrrtana
2088 3519 2302 3589 commune,
2338 3507 2448 3590 atque

595 3675 676 3724 cum
701 3653 862 3724 omnibus
884 3657 959 3723 suis
983 3655 1211 3743 pertinentiis
1234 3656 1417 3740 integrum
1441 3655 1525 3723 illut
1548 3658 1646 3722 vobis
1661 3655 1903 3742 predictorum
1925 3657 2073 3725 iohanni
2096 3661 2133 3724 et
2147 3658 2340 3746 sikelgaite
2357 3679 2451 3727 uxor

596 3808 708 3896 ipsius
731 3807 824 3896 petri
847 3808 971 3876 clerici
994 3806 1189 3876 trasactibo
1212 3807 1421 3875 donabimus
1445 3809 1650 3876 habendum
1673 3813 1710 3874 et
1734 3807 1991 3894 possidendum.
2030 3811 2141 3886 Quam
2177 3815 2213 3878 et
2235 3811 2443 3882 donabimus

599 3962 699 4030 vobis
724 3961 802 4049 ipsa
824 3963 995 4030 iamdicta
1017 3963 1159 4064 cartula
1182 3963 1306 4028 nostra
1328 3963 1390 4028 het
1413 3980 1486 4048 una
1509 3961 1583 4028 alia
1606 3962 1774 4038 cartula,
1815 3980 1883 4048 que
1906 3967 1961 4029 est
1982 3961 2119 4050 scripta
2153 3981 2217 4050 per
2254 3964 2446 4036 simeonem

599 4117 770 4184 clericum
794 4119 831 4183 et
854 4119 1060 4194 notarium,
1095 4120 1132 4183 et
1155 4135 1264 4182 unum
1288 4117 1430 4183 brebem
1455 4115 1517 4203 qui
1540 4119 1596 4184 est
1617 4116 1790 4202 scriptum
1813 4134 1877 4202 per
1900 4115 2072 4183 iohannes
2095 4117 2267 4183 clericum
2290 4119 2327 4184 et
2349 4118 2451 4186 nota-

602 4273 708 4350 rium,
726 4275 763 4339 et
785 4272 982 4358 portionem
1006 4271 1049 4338 de
1073 4273 1148 4337 tota
1171 4270 1249 4356 ipsa
1272 4269 1468 4337 monimina
1490 4269 1621 4362 exinde
1637 4270 1856 4358 pertinentes
1879 4275 1915 4338 et
1930 4271 2153 4339 continentes
2176 4270 2222 4338 ad
2246 4271 2448 4338 habendum

602 4429 690 4496 illut
712 4428 810 4496 vobis
833 4446 896 4514 pro
920 4426 1136 4501 defensione,
1160 4421 1254 4493 sicut
1276 4423 1308 4491 ic
1332 4427 1455 4492 subter
1477 4425 1626 4511 legitur.
1653 4425 1751 4494 Unde
1774 4445 1838 4513 pro
1861 4425 2105 4494 confirmanda
2128 4427 2222 4493 hanc
2245 4425 2453 4511 supradicta

603 4583 726 4650 nostra
749 4581 940 4649 donatione
964 4581 1068 4648 iuxta
1090 4580 1207 4664 legem
1230 4578 1449 4665 suscepimus
1472 4579 1555 4648 inde
1578 4599 1602 4648 a
1625 4582 1660 4647 te
1683 4579 1841 4668 predicto
1865 4581 2065 4658 iohannes,
2099 4583 2174 4648 tam
2198 4599 2262 4668 pro
2287 4581 2363 4648 vice
2386 4586 2453 4650 tua

607 4756 714 4824 quam
738 4739 775 4802 et
797 4755 861 4822 pro
884 4735 961 4802 vice
983 4734 1094 4820 ipsius
1116 4734 1310 4822 sikelgaite
1333 4735 1487 4821 cognate
1509 4737 1570 4802 tue
1587 4737 1766 4823 launegilt
1788 4736 1981 4822 sexaginta
2003 4740 2041 4803 et
2055 4739 2191 4823 septem
2215 4741 2286 4804 tari
2303 4756 2348 4804 ex
2365 4756 2455 4806 auro

603 4885 687 4954 boni
711 4885 754 4952 de
778 4889 920 4953 moneta
944 4887 1035 5004 bona
1057 4903 1101 4953 ea
1125 4885 1276 4962 ratione,
1296 4890 1336 4952 ut
1356 4886 1481 4954 amodo
1504 4891 1541 4952 et
1562 4905 1702 4973 semper
1726 4891 1799 4954 tam
1823 4905 1883 4954 vos
1906 4887 2075 4973 predictis
2098 4889 2271 4958 iohannes
2293 4891 2457 4959 etsikel-

604 5040 718 5126 guita,
745 5043 782 5106 et
805 5040 932 5107 vestris
955 5037 1157 5116 heredibus,
1183 5041 1220 5107 et
1243 5039 1316 5106 illis
1339 5037 1395 5107 eui
1421 5059 1486 5126 per
1510 5059 1571 5109 vos
1596 5037 1684 5108 illud
1708 5017 1833 5110 datum
1859 5039 2023 5129 paruerit
2045 5047 2082 5110 et
2102 5043 2244 5112 illorum
2269 5045 2459 5114 heredibus

605 5192 768 5280 predicta
792 5197 914 5260 nostra
936 5193 1138 5268 donatione,
1164 5193 1257 5261 sicut
1279 5193 1443 5279 superius
1468 5195 1620 5281 legitur,
1646 5197 1779 5266 habere
1802 5202 1839 5264 et
1861 5197 2040 5283 possidere
2063 5198 2250 5275 debeatis,
2285 5201 2461 5268 securiter

610 5344 740 5411 exinde
764 5342 963 5413 faciendum
988 5345 1109 5413 omnia
1131 5345 1224 5433 quod
1248 5347 1445 5424 volueritis,
1462 5347 1540 5415 sine
1563 5350 1845 5416 contradictione
1862 5358 1984 5419 nostra
1999 5353 2094 5420 etde
2111 5355 2241 5422 nostris
2257 5355 2461 5434 heredibus,

611 5501 648 5566 et
670 5499 748 5566 sine
771 5501 1024 5588 cuiuscumque
1049 5501 1291 5590 requisitione.
1330 5502 1429 5581 Quod
1452 5502 1483 5570 si
1508 5503 1701 5589 aliquando
1725 5506 1883 5590 tempore
1908 5523 1972 5572 nos
2006 5510 2071 5573 aut
2105 5509 2236 5576 nostris
2270 5510 2461 5579 heredibus

609 5651 787 5722 vobiscum
811 5657 876 5722 aut
897 5675 976 5724 cum
1002 5657 1131 5724 vestris
1154 5657 1358 5734 heredibus,
1385 5659 1443 5723 vel
1467 5675 1548 5725 cum
1574 5658 1659 5735 illis,
1684 5657 1742 5725 cui
1767 5675 1831 5744 per
1855 5677 1918 5726 nos
1941 5659 2031 5727 illud
2054 5660 2176 5728 datum
2200 5663 2375 5748 paruerit,
2400 5667 2464 5732 aut

608 5826 690 5882 cum
716 5809 858 5876 illorum
884 5809 1074 5880 heredibus
1097 5831 1143 5880 ex
1169 5811 1330 5899 predicta
1354 5815 1478 5880 nostra
1501 5811 1717 5890 donatione,
1744 5814 1841 5879 velut
1865 5817 2088 5914 protegitur,
2114 5835 2178 5903 per
2201 5817 2460 5908 qualecumque
