5452 7108
1012 529 1419 621 orriouiricus
2046 551 2092 620 ra·

287 748 369 815 ctus
392 743 473 820 suit,
498 741 633 809 dimisit
656 740 811 808 debitum
828 743 873 808 ad
889 741 1113 818 saltandum,
1139 743 1175 806 et
1198 761 1268 808 non
1292 745 1438 808 abemus
1455 742 1622 826 pretium,
1650 741 1741 807 unde
1758 741 1872 828 ipsum
1896 742 2054 809 debitum
2072 742 2151 811 red-

287 899 438 972 damus,
465 895 629 964 volumus
653 895 696 961 de
720 897 825 960 rebus
849 895 978 962 nostris
1002 897 1141 962 tantum
1165 893 1265 970 dare,
1284 897 1323 959 ut
1346 895 1502 960 detritum
1527 895 1641 980 ipsum
1657 894 1846 960 saltemus.
1873 897 1946 979 Ego
1970 895 2149 980 predictus

291 1051 400 1117 Iudex
416 1053 609 1116 obserbans
633 1068 676 1115 ea
692 1066 760 1135 que
775 1048 813 1114 in
829 1049 1129 1134 langobardorum
1153 1048 1267 1115 edicio
1290 1047 1461 1134 scriptum
1485 1051 1550 1122 est,
1577 1048 1629 1115 Ud
1645 1049 1743 1115 intra
1758 1047 1877 1114 decem
1894 1051 1929 1114 ot
1944 1051 2021 1114 octo
2037 1067 2149 1116 annos

289 1223 359 1272 non
384 1204 431 1270 sit
456 1204 641 1289 legitimus
664 1205 767 1270 homo
791 1221 848 1269 res
871 1221 954 1270 suas
978 1177 1151 1278 alienare,
1177 1205 1327 1288 excepta
1350 1203 1380 1268 si
1397 1205 1536 1289 partem
1552 1202 1628 1268 eius
1651 1201 1808 1268 debitum
1824 1202 2011 1280 dimiserit,
2037 1205 2151 1270 ,theat

288 1361 499 1446 potestatem
525 1379 596 1425 una
620 1377 700 1424 cum
726 1357 855 1424 notitia
866 1357 1038 1444 principis
1062 1360 1161 1424 terra
1184 1357 1306 1442 ipsiuS,
1324 1359 1474 1424 Tantum
1499 1357 1542 1423 dc
1566 1360 1672 1423 rebus
1694 1357 1768 1423 suis
1791 1357 1959 1433 dandum,
1977 1361 2149 1444 quantum

292 1513 407 1599 ipsum
433 1513 589 1580 debitum
615 1512 735 1588 suerit,
751 1514 791 1577 ut
812 1511 846 1578 ei
870 1512 984 1578 maior
1006 1511 1205 1579 damnietas
1228 1514 1372 1598 propter
1396 1513 1509 1578 honus
1532 1510 1724 1576 solidorum
1749 1529 1820 1576 non
1841 1510 2037 1586 adcrescat;
2055 1513 2152 1578 Nun-

289 1665 379 1732 111111
403 1665 486 1731 illut
509 1663 832 1750 suprascriptorum
855 1663 1090 1748 gloriosorum
1115 1663 1315 1750 principum
1340 1665 1377 1728 et
1400 1663 1512 1729 ducis:
1532 1663 1617 1747 Ipsis
1641 1682 1663 1728 a
1686 1663 1750 1728 deo
1779 1663 1998 1730 conseruatis
2021 1662 2153 1748 princi-

289 1819 396 1905 pibus
419 1823 455 1884 et
477 1818 577 1885 ducis
600 1820 746 1904 propter
770 1819 875 1884 deum
899 1821 935 1884 et
958 1819 1077 1885 anime
1102 1836 1164 1884 sue
1188 1819 1386 1884 mercedem
1411 1817 1624 1882 direxerunt
1647 1835 1702 1882 me
1726 1817 1857 1883 desua
1881 1817 2072 1902 presentia,
2090 1816 2151 1904 qui

291 1977 356 2040 lioc
380 1973 496 2059 ipsum
519 1990 607 2058 opus
629 1972 813 2058 sapienter
838 1971 1091 2050 consideraret,
1117 1972 1163 2037 Ut
1186 1971 1231 2038 ad
1254 1971 1330 2057 ipsi·
1347 1971 1502 2037 infantes
1528 1971 1659 2056 Aliqua
1681 1971 1880 2037 daumiotas
1903 1973 2028 2038 contra
2045 1972 2152 2038 ratio-

289 2146 383 2202 nem,
411 2127 488 2192 :lud
505 2146 569 2212 per
585 2127 827 2212 neglegentia,
854 2126 999 2194 minime
1015 2125 1213 2212 perveniat;
1239 2144 1304 2209 ego
1320 2124 1542 2210 interrogari
1567 2124 1630 2200 111,
1656 2125 1702 2190 ud
1719 2125 1875 2190 devitum
1899 2125 2014 2210 ipsum
2042 2145 2163 2211 quan--

291 2288 367 2349 tum
391 2285 508 2358 esset3
546 2282 599 2348 illi
624 2283 744 2348 autem
768 2281 951 2356 dixerunt,
978 2279 1030 2346 Ud
1054 2279 1211 2346 debitum
1235 2279 1350 2364 ipsum
1386 2283 1478 2345 esset
1502 2283 1646 2345 tarenos
1682 2279 1878 2346 duodecim.
1917 2283 1960 2345 nt
1983 2279 2153 2347 dixerunt

291 2439 400 2502 abere
425 2453 611 2502 commune
634 2453 715 2501 cum
738 2434 816 2518 ipsa
839 2433 1021 2518 genetrice
1045 2451 1166 2498 eorum
1190 2431 1365 2498 modicum
1390 2431 1527 2498 terrola
1561 2430 1657 2498 intus
1680 2451 1748 2498 ano
1783 2412 2044 2498 salernitanam
2068 2432 2154 2500 civi-

292 2589 403 2653 tatem
426 2587 635 2653 coniuntum
659 2586 702 2652 de
726 2586 794 2652 due
817 2585 932 2672 partis
956 2585 1001 2651 ad
1024 2584 1093 2650 fine
1117 2584 1285 2660 illorum,
1322 2586 1358 2649 11
1382 2584 1425 2652 de
1449 2588 1551 2670 parte
1574 2553 1726 2650 orientis
1745 2585 1814 2650 ilne
1837 2585 2034 2660 strectola,
2060 2584 2152 2671 quod

293 2739 349 2804 illi
374 2758 558 2806 commune
583 2742 694 2806 abunt
717 2758 797 2805 cum
821 2738 1012 2806 morandus
1035 2737 1129 2804 illius
1152 2737 1326 2824 iaquinti;
1350 2739 1403 2804 est
1427 2737 1510 2804 inde
1533 2738 1686 2805 latitudo
1710 2738 1787 2823 ipsa
1811 2739 1946 2805 terrola
1969 2737 2152 2804 summisse

296 2912 419 2969 iurum,
446 2897 482 2959 et
505 2913 527 2960 a
550 2895 653 2979 parte
676 2893 869 2960 occidentis
891 2893 959 2958 line
983 2891 1171 2958 anditum.
1194 2946 1201 2958 .
1224 2944 1230 2956 .
1315 2891 1397 2959 inde
1421 2892 1573 2958 latitudo
1597 2893 1721 2979 pedem
1746 2912 1855 2958 unum
1879 2893 1925 2958 ad
1949 2893 2080 2958 iustum
2097 2911 2156 2978 pe-

294 3047 373 3112 dem
398 3049 434 3112 11
456 3047 637 3114 sommisse
661 3066 806 3113 manum
836 3047 965 3113 ominis
999 3049 1256 3122 mensuratum
1283 3049 1328 3112 Et
1362 3047 1408 3112 da
1439 3045 1715 3131 septemptrione
1749 3049 1803 3111 est
1837 3045 1905 3110 fine
1940 3045 2051 3130 ipsius
2082 3064 2156 3111 ma-

295 3199 388 3266 raldi
412 3199 597 3285 longitudo
633 3200 711 3286 ipsa
746 3201 880 3266 terrola
916 3201 962 3266 da
996 3199 1111 3286 ipsum
1136 3199 1297 3266 anditum
1333 3201 1369 3264 et
1394 3218 1505 3285 usque
1529 3199 1606 3284 ipsa
1629 3199 1817 3265 estreetola
1851 3201 1888 3264 et
1911 3218 1934 3264 a
1957 3201 2059 3284 parte
2083 3215 2155 3264 me-

302 3355 392 3422 ridie
419 3356 489 3420 fine
516 3354 652 3440 pariete
676 3355 719 3420 de
743 3373 827 3422 casa
852 3353 985 3420 fabrita
1007 3353 1162 3438 ipsorum
1194 3353 1349 3420 infantes
1379 3353 1546 3419 similiter
1569 3357 1623 3419 est
1652 3353 1734 3420 inde
1764 3352 1948 3439 longitudo
1972 3354 2018 3420 da
2040 3354 2154 3439 ipsum

296 3463 464 3576 anditum
488 3527 598 3594 usquc
621 3507 701 3594 ipsa
724 3509 926 3574 estreetcla.
965 3509 1009 3572 Et
1044 3507 1238 3584 dixerunt,
1264 3505 1311 3574 ud
1344 3507 1387 3573 de
1414 3509 1490 3574 tota
1514 3507 1649 3574 terrola
1683 3507 1761 3594 ipsa
1787 3508 1985 3594 pertineret
2011 3508 2056 3574 ad
2080 3508 2157 3594 ipsa

299 3661 477 3745 genitrice
501 3662 648 3727 heorum
672 3663 838 3746 quartam
862 3662 1001 3746 partem
1026 3678 1213 3746 persuum
1238 3658 1410 3746 scriptum
1434 3660 1671 3747 morgincap:
1700 3679 1766 3745 ego
1782 3662 1962 3746 predictus
1981 3679 2096 3727 comes
2119 3664 2156 3727 et

297 3815 416 3890 iudex,
443 3815 526 3882 dum
550 3814 637 3882 illut
665 3815 788 3880 taliter
813 3813 956 3898 agnobi,
986 3833 1050 3900 per
1073 3813 1197 3880 ordine
1224 3814 1307 3880 illut
1330 3813 1455 3881 rettuli
1479 3815 1676 3900 supradicti
1707 3816 1914 3900 mangnilloi
1932 3787 2160 3902 ¹principibus
2268 3911 2270 3914 Ι

294 3971 331 4032 11
353 3959 472 4044 ducis,
498 3968 553 4034 illi
577 3988 660 4035 vero
684 3969 751 4056 piis
775 3972 812 4034 et
834 3968 1142 4035 excellentissimis
1163 3968 1384 4054 principibus
1408 3972 1445 4035 et
1468 3969 1566 4036 ducis
1583 3972 1820 4055 preceperunt
1842 3969 2007 4045 mihi,Ud
2019 3969 2155 4053 largire

296 4121 364 4208 ipsi
388 4122 543 4189 infantes
568 4123 785 4189 benumdare
810 4123 888 4210 ipsa
912 4123 1047 4188 terrola
1062 4142 1141 4188 cum
1166 4122 1244 4208 ipsa
1266 4122 1442 4208 genitrice
1459 4124 1605 4190 heorum
1631 4124 1689 4190 cui
1713 4125 1885 4201 tolerent,
1904 4126 1965 4190 het
1987 4125 2065 4210 ipsa
2080 4143 2159 4210 pre-

297 4275 393 4343 dicta
416 4276 546 4343 mulier
570 4296 624 4342 me
648 4277 773 4362 rogabi
800 4280 835 4342 et
859 4276 948 4353 dixi,
975 4277 1022 4343 ud
1045 4277 1172 4343 inclita
1195 4277 1273 4362 ipsa
1295 4296 1361 4343 sua
1385 4280 1515 4363 quarta
1538 4277 1581 4343 dc
1605 4277 1682 4362 ipsa
1706 4279 1842 4346 terrola
1873 4279 2025 4345 vendere
2049 4281 2157 4347 bellet
2266 4363 2270 4370 .

287 4447 418 4496 secum
442 4433 551 4497 abens
576 4433 648 4496 tres
673 4434 841 4514 parentes
864 4449 956 4506 suos,
982 4435 1018 4496 et
1043 4430 1094 4496 sic
1118 4449 1173 4496 me
1192 4429 1343 4514 rogavit,
1371 4432 1417 4498 ud
1442 4433 1520 4518 ipsa
1536 4434 1666 4518 quarta
1690 4451 1756 4498 sua
1772 4431 1924 4499 vendere
1948 4434 2095 4508 boleret,
2114 4436 2159 4500 Et

301 4581 375 4667 ipse
398 4585 564 4668 parentes
588 4602 669 4650 suos
693 4583 731 4650 in
754 4583 866 4669 ipsam
892 4583 1131 4650 venditionem
1154 4603 1299 4650 manum
1323 4587 1528 4671 posuerunt,
1546 4588 1583 4650 11
1613 4586 1767 4672 seipsam
1804 4586 2037 4652 benditricem
2072 4587 2156 4654 lecit

300 4735 362 4813 sic,
388 4740 424 4801 et
448 4736 515 4822 ipsi
538 4737 615 4813 lilii,
641 4739 678 4802 et
702 4737 894 4804 mundoald
918 4737 969 4804 eis
993 4737 1074 4804 inde
1098 4737 1131 4804 ei
1156 4739 1438 4816 consentierunt,
1465 4740 1511 4806 ud
1535 4741 1627 4826 quod
1651 4739 1862 4817 vendiderit,
1888 4741 2015 4807 stabile
2038 4739 2096 4816 sit,
2122 4744 2158 4807 11

299 4893 420 4974 petrus
444 4890 562 4957 scriba
586 4909 666 4957 cum
691 4891 819 4958 notitia
842 4891 998 4976 ipsorum
1023 4885 1212 4978 parentum
1237 4894 1273 4958 et
1288 4913 1438 4980 meaque
1461 4894 1589 4960 iudicis
1612 4896 1705 4960 hanc
1729 4897 1866 4961 cartam
1883 4895 2056 4980 presumis
2071 4895 2158 4962 scri·

297 5045 391 5118 bere3
418 5064 486 5130 quo
511 5043 563 5111 ita
585 5045 777 5111 secundum
802 5046 882 5130 lege
906 5047 988 5112 acta
1010 5045 1077 5132 ipsi
1102 5046 1341 5131 prenominati
1366 5047 1590 5133 romelgaita,
1609 5052 1645 5114 et
1668 5048 1821 5124 alfanus
1840 5051 1877 5113 et
1900 5047 2058 5114 ademari
2083 5069 2156 5116 ma-

297 5200 353 5260 ter
375 5199 412 5261 et
434 5196 499 5263 tilii
517 5197 636 5264 uniter
659 5197 774 5284 adque
799 5199 1035 5266 communiter
1058 5200 1364 5266 venumdederunt
1394 5221 1514 5268 coram
1538 5221 1617 5268 mea
1633 5201 1826 5287 presentia,
1841 5219 1905 5287 per
1928 5219 1995 5266 anc
2019 5221 2157 5290 quoque

300 5349 467 5440 videlicet
490 5353 655 5427 cartam,
693 5351 803 5436 ipsius
829 5352 991 5419 morandi
1015 5353 1159 5438 integra
1182 5354 1260 5439 ipsa
1283 5355 1418 5422 terrola
1452 5374 1517 5441 per
1540 5355 1763 5441 supradictas
1786 5357 1873 5422 lines
1900 5358 1936 5421 et
1959 5375 2155 5432 mensuras,

300 5523 380 5569 oum
404 5504 524 5570 omnia
547 5504 641 5572 intro
665 5486 741 5592 ipso
764 5506 900 5573 terrola
923 5508 1095 5584 abentes,
1127 5508 1360 5594 omnibusque
1383 5509 1457 5575 suis
1481 5509 1735 5596 pertinentiis,
1772 5530 1852 5577 cum
1877 5510 1953 5577 bice
1976 5511 2019 5576 de
2042 5509 2156 5596 ipsum

302 5656 478 5732 anditum,
504 5676 547 5723 ea
572 5657 723 5752 ratione,
752 5659 797 5725 ud
821 5677 960 5745 semper
983 5659 1057 5745 ipse
1081 5659 1276 5726 marandus
1299 5664 1335 5726 et
1358 5660 1434 5726 eius
1457 5662 1605 5729 heredes
1629 5663 1772 5748 integra
1795 5663 1872 5749 ipsa
1895 5681 2017 5730 eorum
2041 5664 2161 5732 vendi-

303 5809 397 5876 tione
423 5813 554 5878 abeant
578 5811 639 5878 1111
663 5815 699 5878 11
723 5813 798 5880 eius
822 5814 982 5891 heredes
1000 5815 1036 5880 et
1060 5815 1195 5880 faciant
1217 5814 1260 5880 de
1284 5835 1327 5881 ea
1351 5815 1515 5902 quitquid
1540 5817 1714 5892 uoluerat
1741 5819 1785 5884 Et
1809 5821 1953 5904 propter
1976 5819 2164 5887 confirma·
