5398 7106
1011 504 1417 588 nlrtouarlubs
1628 537 1632 544 ’
1761 575 1764 582 .
1878 521 1881 534 ’
2015 509 2102 600 23⁹„

279 703 315 764 et
339 713 406 782 ego
437 697 474 764 et
490 701 591 766 'meos
618 697 766 768 heredes
796 719 906 788 usque
930 699 996 789 ipsi
1025 720 1089 770 sex
1122 703 1208 770 anni
1232 704 1397 789 completi
1425 703 1647 772 defensemus
1673 703 1785 791 ipsius
1811 703 1884 772 ursi
1907 711 1942 773 et
1975 703 2020 772 ad
2057 705 2133 774 eius

276 849 428 917 heredes
460 853 639 937 integram
672 853 749 940 ipsa
781 855 881 922 terra
911 874 990 922 cum
1026 872 1111 924 casa
1126 873 1191 942 per
1217 855 1460 942 suprascripte
1487 855 1630 923 flnis‘et
1661 855 1851 934 mensurio,
1877 875 1956 924 eum
1982 857 2057 924 vioe
2088 858 2132 925 de

274 1003 353 1092 ipsa
381 1007 502 1094 platea
533 1009 569 1074 et
598 1008 642 1075 de
669 1007 744 1096 ipso
774 1010 932 1078 anditum
965 1013 1011 1079 ab
1040 1029 1163 1092 omnes
1194 1010 1354 1078 homines
1385 1010 1553 1098 omnique
1577 1010 1763 1098 partibuS,
1789 1013 1826 1077 et
1858 1030 1928 1078 non
1960 1011 2049 1079 illud
2076 1032 2133 1080 eo

274 1177 353 1225 rum
377 1163 462 1227 ante
493 1159 560 1247 ipsi
588 1179 652 1230 sex
680 1161 762 1234 enni
794 1183 986 1252 queramus
1017 1149 1145 1248 tollore
1168 1167 1428 1233 autcontrare.
1458 1166 1495 1231 et
1518 1182 1580 1252 per
1606 1164 1895 1245 convenientiam
1913 1173 1997 1234 ante
2015 1166 2128 1253 ipsum

273 1313 451 1399 prelatum
475 1314 584 1381 iudex
615 1315 785 1404 guadium
818 1317 928 1386 michi
960 1317 1034 1405 ipse
1062 1336 1167 1386 ursus
1199 1316 1318 1394 dedit,
1347 1319 1385 1384 et
1411 1317 1653 1386 fideiussorem
1685 1318 1794 1387 michi
1825 1319 1943 1406 posuit
1972 1319 2128 1406 seipsum

272 1481 336 1548 per
359 1467 480 1550 partes
511 1468 707 1554 placentes,
733 1471 771 1536 et
797 1469 997 1556 peripsam
1029 1470 1198 1555 guadiam
1226 1470 1454 1556 obligavitse
1482 1473 1518 1538 et
1545 1489 1625 1538 suos
1656 1473 1818 1550 heredes,
1839 1481 1878 1539 ut
1894 1491 1997 1540 omne
2021 1492 2128 1550 anno,

272 1619 393 1688 amodo
424 1623 461 1688 et
492 1641 602 1710 usque
631 1622 700 1711 ipsi
731 1643 794 1693 sex
822 1626 909 1694 anni
939 1625 1130 1713 completi,
1163 1627 1250 1694 dare
1275 1625 1384 1693 michi
1412 1625 1553 1714 meique
1581 1627 1784 1703 heredibus,
1803 1647 1867 1714 pro
1898 1628 1975 1695 vice
2001 1628 2045 1695 de
2073 1647 2132 1696 su-

262 1767 434 1857 pradicta
458 1775 563 1842 uxori
587 1794 677 1856 mee,
695 1795 759 1864 per
781 1797 882 1846 omne
910 1797 1043 1846 annum
1060 1779 1104 1846 de
1128 1798 1249 1848 mense
1271 1737 1433 1858 octuber,
1452 1783 1526 1848 tres
1542 1781 1623 1848 auri
1648 1780 1720 1848 tari
1744 1781 1827 1849 boni
1851 1782 1894 1849 de
1914 1767 2131 1869 moneta'pe-

270 1927 378 2004 santi,
411 1946 480 2016 que
511 1928 587 1995 illis
616 1927 738 1997 diebus
770 1949 834 2016 per
865 1933 959 2000 hanc
990 1932 1084 2000 cives
1115 1932 1359 2000 andeveritza
1390 1931 1559 2022 completi
1591 1931 1660 2019 ipsi
1685 1951 1749 2000 sex
1773 1932 1860 2000 anni
1885 1933 2030 2020 integra
2053 1936 2131 2020 ipsa

272 2083 373 2149 terra
396 2102 476 2150 cum
499 2102 583 2153 casa
606 2087 708 2154 clusa
733 2087 825 2153 bona
848 2089 1027 2174 cooperta,
1053 2087 1147 2155 sicut
1170 2087 1355 2164 meruerit,
1373 2088 1419 2175 ad
1435 2107 1492 2155 me
1516 2088 1618 2156 etde
1643 2087 1731 2156 meis
1755 2089 1947 2157 heredibus
1968 2089 2129 2158 remittet

270 2239 494 2322 potestatem,
521 2237 725 2308 faciendum
743 2240 824 2308 inde
848 2241 941 2330 quod
958 2241 1189 2318 voluerimus,
1208 2245 1245 2309 et
1260 2241 1370 2310 liceat
1393 2242 1468 2329 ipso
1493 2260 1575 2310 urso
1598 2241 1728 2310 eteius
1751 2243 1900 2311 heredes
1915 2249 1952 2312 et
1968 2244 2128 2312 homines

270 2391 331 2478 qui
354 2391 405 2460 ihi
427 2393 535 2462 misiti
559 2395 739 2473 habuerit,
758 2395 840 2463 inde
857 2399 959 2464 exire
982 2415 1063 2464 cum
1087 2394 1202 2464 omnis
1218 2397 1364 2465 illorum
1388 2415 1498 2465 causa
1513 2397 1671 2474 movilia,
1690 2400 1727 2465 et
1742 2403 1912 2484 pergeret
1934 2418 2014 2466 cum
2038 2399 2128 2466 illud

269 2541 329 2609 ubi
345 2543 512 2623 voluerit,
530 2547 567 2612 et
592 2546 636 2624 si,
654 2546 747 2614 sicut
761 2547 926 2642 superius
941 2549 1114 2635 scriptum
1130 2551 1196 2628 est,
1212 2549 1288 2635 ipse
1305 2568 1389 2616 ursu
1414 2551 1450 2615 et
1465 2567 1546 2616 suos
1563 2549 1712 2617 heredes
1728 2550 1835 2618 michi
1854 2554 1889 2617 ct
1905 2552 1950 2618 ad
1964 2552 2051 2619 meis
2067 2554 2127 2620 he-

268 2696 410 2765 redibus
441 2700 827 2786 nonadimpleberint‚
860 2706 897 2768 et
926 2701 1017 2771 illud
1049 2705 1107 2770 vel
1138 2703 1268 2770 exinde
1296 2722 1479 2771 removere
1502 2707 1567 2770 aut
1590 2705 2123 2795 contradicerepresumpserit,

267 2869 331 2936 per
346 2851 459 2937 ipsam
475 2854 644 2938 guadiam
660 2855 802 2942 obligat
814 2875 852 2924 se
868 2861 905 2960 et
920 2876 1001 2925 snos
1018 2858 1167 2925 heredes
1183 2877 1393 2946 componere
1417 2859 1525 2948 michi
1542 2861 1578 2925 et
1595 2859 1640 2926 ad
1657 2862 1746 2927 meis
1763 2862 1954 2930 heredibus
1971 2861 2123 2949 triginta

267 3015 346 3080 auri
363 3013 492 3080 solidos
515 3017 772 3094 constantines,
784 3019 818 3082 et
830 3017 950 3084 omnia
966 3015 1212 3102 suprascripta
1229 3014 1455 3101 adimpleret.
1469 3015 1561 3102 quod
1573 3014 1701 3102 scripsi
1716 3034 1783 3101 ego
1796 3014 1956 3082 ademari
1973 3015 2124 3084 notario.

267 3186 332 3254 ego
355 3169 416 3256 qui
439 3187 549 3255 snpra
572 3169 857 3256 regemprandus
881 3169 1002 3236 iudex.
1029 3167 1302 3270 Tertiadecima:
1321 3169 1359 3236 in
1383 3169 1525 3236 nomine
1548 3168 1682 3236 domini
1705 3169 1872 3236 vicesimo
1898 3170 2004 3235 tertio
2029 3187 2124 3236 anno

266 3321 489 3409 principatus
511 3323 646 3390 salerni
670 3323 791 3390 domni
815 3323 927 3391 nostri
951 3322 1171 3409 guaimarii,
1209 3324 1247 3388 et
1270 3322 1376 3390 tertio
1400 3340 1492 3389 anno
1516 3321 1740 3408 principatus
1763 3323 1840 3389 eius
1863 3341 1988 3408 capue,
2014 3326 2052 3390 et
2073 3340 2126 3390 se·

265 3477 379 3544 cundo
402 3496 496 3544 anno
520 3477 671 3546 ducatus
694 3478 772 3546 eius
796 3479 916 3546 amalti
939 3482 976 3544 et
998 3481 1169 3544 surrento
1193 3475 1342 3562 gloriosi
1365 3473 1610 3562 principibus,
1637 3493 1757 3542 mense
1779 3479 2003 3563 september,
2031 3495 2125 3545 nona

264 3631 470 3730 indictione.
505 3631 796 3706 Memoratorium
820 3633 955 3700 sactum
979 3650 1002 3698 a
1025 3633 1127 3698 nobis
1151 3629 1300 3696 disidius
1324 3631 1361 3696 et
1384 3628 1524 3696 danseri
1548 3627 1714 3715 germani
1736 3627 2004 3715 filiiquondam
2030 3630 2125 3715 petri

265 3789 421 3866 barbuti,
446 3808 487 3856 eo
511 3789 604 3877 quod
628 3792 710 3856 ente
733 3787 916 3876 presentia
939 3785 1114 3854 ademarii
1138 3785 1340 3853 comitiset
1362 3784 1473 3852 iudici
1497 3803 1561 3872 per
1584 3783 1836 3852 convenientia
1859 3784 1906 3852 ad
1931 3784 2122 3868 tenendum

263 3947 300 4011 et
322 3943 549 4011 residendum
573 3941 786 4032 tradidimus
810 3940 954 4008 mulieri
978 3943 1121 4008 nomine
1161 3943 1290 4028 rogata
1313 3939 1443 4006 relicta
1474 3939 1655 4027 quondam
1679 3939 1842 4008 mansoni
1865 3942 1902 4006 et
1925 3939 1991 4023 tilii
2015 3959 2124 4028 quon-

264 4098 342 4166 dem
366 4099 476 4182 (deest
491 4099 636 4190 comen)
660 4099 762 4165 terra
784 4115 865 4163 cum
888 4113 972 4164 casa
996 4097 1119 4162 nostra
1142 4093 1294 4181 lignicia
1317 4097 1490 4172 solerata,
1516 4095 1609 4182 quod
1633 4113 1695 4164 nos
1719 4095 1908 4194 habuimus
1921 4097 2015 4163 intus
2031 4098 2124 4186 hanc

264 4253 525 4344 salernitanam
549 4251 732 4318 civitatem
757 4251 803 4318 ad
827 4252 971 4318 hortum
995 4269 1166 4336 magnum
1186 4297 1194 4325 ,
1221 4249 1283 4336 qui
1307 4252 1361 4318 est
1384 4269 1449 4336 per
1472 4250 1538 4318 has
1560 4250 1648 4318 lines
1672 4253 1709 4318 et
1731 4269 1929 4319 mensurae.
1964 4253 1994 4316 Α
2017 4254 2123 4337 parte

263 4405 456 4502 occidentis
479 4409 548 4476 llne
572 4409 706 4493 platea,
732 4409 816 4474 sunt
840 4405 922 4474 inde
944 4406 1052 4492 pedes
1077 4407 1269 4474 tridecim:
1296 4409 1326 4474 A
1348 4411 1453 4494 parte
1478 4407 1628 4474 meridie
1651 4406 1730 4474 inde
1754 4409 1863 4476 habet
1894 4407 2000 4493 pedes
2023 4407 2117 4473 octo:

264 4559 590 4656 aparteorientis
613 4561 728 4642 habet¹
745 4553 827 4626 inde
849 4557 956 4644 pedes
981 4557 1044 4624 alii
1068 4557 1239 4626 tredecim
1263 4561 1301 4626 et
1323 4562 1464 4646 planta:
1491 4563 1522 4627 A
1545 4563 1649 4646 parte
1672 4559 1937 4647 septemtrionis
1959 4560 2030 4627 fine
2057 4576 2130 4629 an·

264 4716 377 4810 ditum
403 4719 577 4792 nostrum,
603 4715 640 4780 et
661 4712 746 4780 inde
769 4715 854 4780 sunt
876 4709 983 4798 pedes
1005 4714 1153 4798 septem,
1171 4715 1284 4780 totum
1300 4713 1346 4780 ad
1362 4713 1454 4781 iusto
1477 4714 1565 4801 pede
1582 4732 1691 4781 manu
1706 4713 1842 4781 homini
1858 4715 2117 4787 mensuratum.

265 4878 331 4947 hec
355 4876 473 4942 autem
496 4867 744 4958 suprascripta
766 4870 864 4934 terra
886 4885 967 4934 clim
991 4883 1076 4934 oasa
1100 4885 1165 4952 per
1188 4867 1435 4953 suprascripta
1471 4867 1557 4934 fines
1581 4870 1619 4934 et
1642 4865 1823 4934 mensurio
1846 4867 1958 4954 ipsius
1996 4871 2120 4955 rogate

263 5031 311 5119 ad
332 4989 558 5096 residendum
582 5023 797 5092 tradidimus
820 5041 871 5106 ea,
888 5023 1037 5110 ratione,
1063 5025 1104 5090 ut
1127 5021 1252 5111 amodo
1275 5023 1313 5089 et
1336 5039 1448 5111 usque
1472 5024 1546 5090 tres
1569 5023 1657 5090 anni
1681 5013 1860 5110 completi,
1886 5021 1966 5110 ipsa
1988 5025 2118 5112 rogata

263 5185 403 5272 inipsa
425 5199 510 5250 casa
533 5179 689 5247 residere
713 5180 750 5245 et
772 5177 955 5254 habitare,
982 5177 1090 5260 fovee
1105 5181 1142 5245 et
1164 5178 1280 5266 omnis
1302 5196 1366 5246 sue
1390 5176 1558 5246 utilitatis
1581 5177 1676 5248 insta
1700 5179 1842 5260 ratione
1865 5179 1915 5246 ibi
1938 5179 2069 5258 lacere,
2083 5182 2131 5246 et·

262 5359 327 5430 per
350 5357 454 5407 omne
476 5355 621 5412 annum,
648 5333 834 5422 amodoet
856 5351 967 5421 usque
991 5332 1058 5420 ipsi
1074 5317 1197 5420 tribus
1221 5332 1308 5422 anui
1331 5334 1511 5420 completi,
1538 5333 1616 5421 ipsa
1641 5334 1770 5420 rogata
1804 5337 1841 5400 et
1864 5332 1947 5408 eius,
1966 5333 2117 5418 heredes

263 5496 351 5564 dare
375 5493 475 5562 nobis
499 5489 702 5578 nostrisque
724 5488 915 5556 heredibus
938 5506 1092 5576 censum
1106 5506 1170 5576 pro
1195 5485 1273 5575 ipsa
1295 5505 1381 5554 casa
1404 5489 1477 5554 tres
1501 5485 1582 5554 auri
1606 5486 1679 5554 tari
1702 5487 1797 5564 boni,
1824 5486 2027 5556 laciendum
2050 5479 2115 5566 nos

262 5649 306 5716 de
336 5647 405 5735 ipsi
429 5646 528 5724 tari,
555 5645 648 5734 quod
671 5643 892 5712 voluerimus
911 5663 929 5734 :y
944 5645 981 5709 et
1003 5643 1168 5732 nosipsa
1191 5661 1275 5710 casa
1297 5639 1500 5710 conciemus
1523 5643 1628 5718 bona,
1653 5639 1748 5712 sicut
1769 5640 1956 5727 meruerit,
1980 5643 2017 5708 et
2039 5641 2124 5728 ipsa

266 5805 393 5892 rogata
416 5821 480 5890 per
504 5799 753 5870 convenientia
773 5761 909 5888 guadio
933 5799 1033 5868 nobis
1054 5797 1154 5894 dedit
1175 5799 1213 5864 et
1235 5795 1516 5882 fidemiussorem
1539 5795 1640 5878 nobis
1664 5794 1782 5884 posuit
1803 5795 1969 5883 seipsam,
1986 5798 2024 5878 et
2048 5814 2115 5884 per¹
