5398 7106
644 496 716 570 nse
1283 492 1465 564 ooonn
1503 489 1767 584 cnvnnsrs

600 694 759 766 boluero‚
786 693 823 756 et
846 687 988 774 qnando
1012 703 1191 754 necessum
1217 686 1326 754 suerit
1349 685 1508 772 coperire
1531 685 1609 771 ipsa
1633 681 1796 758 ecclesia,
1822 684 1859 747 et
1881 679 1996 766 ipsum
2020 679 2206 764 porticum,
2233 684 2266 744 et
2291 677 2370 762 ipsa
2392 697 2451 745 ea·

600 864 672 922 sa,
700 861 762 910 nos
785 842 957 909 faciamus
980 841 1142 925 coperire
1166 840 1282 916 illud,
1307 841 1401 906 sieut
1423 840 1609 906 meruerit.
1650 841 1680 905 A
1702 837 1759 904 die
1781 835 1898 903 obitus
1922 854 2038 902 menni
2063 835 2286 921 assignemus
2308 832 2354 900 ad
2377 833 2452 900 illis

600 998 657 1064 vel
682 996 723 1064 ad
746 1013 869 1062 eorum
893 993 1083 1062 heredibus
1119 993 1246 1059 inclita
1269 993 1346 1078 ipsa
1369 991 1522 1060 ecelesia
1543 992 1689 1076 seperta
1712 993 1749 1055 et
1772 994 1872 1056 clusa
1895 1005 1980 1054 oum
2010 987 2088 1071 ipsa
2109 1004 2222 1056 casa,
2263 987 2354 1052 sicut
2377 1004 2450 1052 me-

603 1150 732 1226 ruerit,
759 1153 795 1214 et
818 1167 898 1215 cum
923 1149 1038 1236 ipsum
1062 1149 1251 1234 porticum,
1277 1150 1313 1214 et
1336 1166 1416 1214 cnm
1442 1149 1516 1212 tota
1537 1145 1745 1232 supradicta
1768 1161 1877 1210 causa
1899 1141 2028 1208 stabile
2051 1124 2094 1207 et¹
2111 1142 2240 1208 mobile
2264 1139 2375 1225 ipsius
2392 1158 2448 1206 ec·-

600 1303 712 1374 clesie
736 1269 878 1400 salbum
902 1305 938 1370 et
960 1305 1159 1389 operatum,
1187 1302 1293 1388 quale
1318 1302 1505 1368 meruerit.
1524 1304 1597 1386 Ego
1622 1302 1683 1386 qni
1705 1318 1815 1387 supra
1837 1296 2058 1404 grimoaldps
2080 1296 2253 1363 sacerdoti
2276 1297 2312 1362 et
2336 1295 2450 1362 bomi-

600 1459 703 1527 nibus
728 1458 816 1526 meis
840 1457 1244 1525 licentiamhabeamns
1268 1457 1350 1524 inde
1374 1459 1530 1524 escotere
1553 1426 1663 1522 causa
1687 1458 1809 1521 nostra
1833 1452 2079 1540 propriaque
2103 1451 2151 1518 ibi
2176 1449 2383 1517 abuerimus
2404 1451 2447 1516 de

601 1614 846 1688 animalibus,
872 1613 934 1700 qui
958 1617 1046 1700 aput
1069 1630 1125 1678 me
1149 1613 1227 1680 neti
1251 1613 1397 1688 suerint,
1422 1613 1590 1678 tollamus
1613 1614 1650 1676 et
1672 1610 1867 1676 habeamus
1890 1608 1989 1674 nobis
2013 1607 2175 1673 inolitam
2199 1605 2343 1672 tertiam
2367 1623 2449 1689 par-

604 1772 678 1836 tem
703 1768 746 1835 de
770 1767 912 1854 pullitri
936 1771 972 1832 et
996 1767 1039 1832 de
1062 1766 1168 1852 genci
1193 1768 1365 1842 masculi,
1391 1767 1593 1834 laciendum
1618 1765 1701 1832 inde
1725 1763 1817 1849 qnod
1840 1761 2085 1836 bolnerimus‚
2125 1760 2255 1826 lemine
2278 1778 2367 1826 nero·
2385 1779 2451 1845 gu·
2487 1751 2492 1761 ’

602 1924 793 2010 bernemos
818 1921 863 1988 ad
888 1939 976 2016 opus
1000 1920 1242 2008 suprascripte
1266 1919 1423 1986 ecclesie.
1448 1920 1546 1988 Unde
1570 1919 1606 1984 in
1630 1937 1671 1985 eo
1695 1918 1811 1984 tinore
1831 1903 2339 2002 perconvenientiaguadiam
2357 1915 2445 1982 milri

604 2074 781 2141 dederunt
804 2073 872 2164 ipsi
896 2073 1059 2159 germani
1082 2073 1245 2140 desideus
1268 2075 1305 2138 et
1328 2072 1501 2138 iohannes
1525 2091 1588 2156 pro
1612 2074 1715 2156 parte
1739 2071 1906 2146 illorum,
1932 2073 1968 2135 et
1990 2088 2053 2154 pro
2078 2071 2180 2154 parte
2204 2069 2248 2136 de
2272 2069 2340 2155 ipsi
2363 2089 2446 2136 con-

602 2227 714 2293 sortis
739 2227 818 2300 sui,
844 2227 880 2291 et
902 2222 1145 2292 fideiussorem
1169 2223 1258 2290 mihi
1282 2227 1477 2310 posuerunt
1499 2227 1554 2290 leo
1577 2221 1669 2292 tilius
1692 2224 1870 2312 qnondam
1893 2223 2135 2318 magbenolfl,
2162 2243 2226 2308 pro
2250 2241 2316 2290 sna
2339 2227 2375 2288 et
2398 2223 2442 2287 il-

601 2379 719 2475 lorum
743 2381 871 2462 parter
899 2381 935 2443 ct
957 2395 1021 2464 per
1044 2377 1158 2461 ipsam
1182 2377 1351 2461 guadiam
1375 2375 1627 2461 obligaberunt
1649 2395 1686 2444 se
1710 2377 1777 2462 ipsi
1800 2375 1965 2461 germani
1988 2378 2024 2441 et
2046 2376 2191 2442 illorum
2216 2377 2365 2443 heredes
2388 2377 2447 2444 de-

599 2531 811 2615 fensandum
835 2531 922 2596 mihi
946 2529 1073 2595 inclita
1097 2529 1172 2615 ipsa
1196 2529 1389 2597 traditione
1413 2550 1493 2596 cnm
1518 2531 1595 2598 bice
1619 2529 1838 2606 dantesie,
1863 2529 1910 2596 da
1932 2529 2047 2596 omnis
2071 2530 2230 2596 homines
2254 2530 2292 2595 in
2315 2549 2442 2614 supra-

596 2685 730 2771 sbripto
749 2685 897 2750 tinorre.
917 2687 961 2752 Et
984 2684 1015 2750 si
1038 2683 1162 2749 taliter
1187 2685 1277 2751 illud
1302 2685 1402 2752 nobis
1426 2703 1496 2770 non
1520 2684 1798 2758 defensaverint,
1824 2687 1860 2750 et
1884 2684 2015 2768 aliquit
2039 2682 2120 2748 inde
2143 2683 2447 2756 contradixerint,

599 2857 662 2924 per
686 2839 763 2923 ipsa
786 2839 921 2923 guadia
943 2838 1198 2923 obligabernnt
1219 2839 1325 2923 seipsi
1348 2841 1512 2924 germani
1536 2841 1574 2904 et
1589 2805 1740 2904 'illorum
1774 2838 1922 2904 heredes
1961 2856 2171 2922 componere
2206 2839 2295 2904 milri
2327 2842 2365 2904 et
2387 2840 2447 2906 cui

597 2992 661 3058 hoc
681 2991 858 3098 scriptum
882 2993 922 3058 in
945 3013 1092 3059 manum
1117 2992 1291 3079 paruerit,
1317 2993 1584 3078 quinquaginta
1607 2991 1688 3058 anri
1711 2991 1841 3059 solidos
1865 2991 2183 3076 constantinianae,
2210 2997 2259 3068 et,
2276 2992 2370 3058 sicut
2392 3011 2450 3059 su-

603 3145 727 3231 perins
750 3147 898 3230 legitur,
924 3147 1133 3232 adim-plere.
1159 3146 1256 3223 Quod
1279 3145 1407 3232 scripsi
1430 3165 1496 3231 ego
1521 3145 1691 3214 iohannes
1716 3144 1883 3212 notorius.
1936 3215 1938 3220 ,

643 3304 671 3395 †
694 3305 767 3388 Ego
791 3275 963 3368 iohannes
986 3297 1139 3366 clericus
1162 3300 1199 3363 et
1222 3298 1396 3366 notarius.

645 3456 672 3552 †
697 3459 771 3542 Ego
794 3457 965 3522 iohannes
988 3452 1148 3520 notarius
1171 3473 1228 3520 me
1251 3455 1457 3541 subscripsi.

1333 3715 1662 3724 ————-—-—-——..

1391 3870 1612 3961 MCCVI

1344 4085 1403 4158 A.
1431 4081 1487 4156 D.
1516 4082 1641 4157 1054

642 4349 669 4440 †
695 4352 733 4415 ln
757 4349 898 4418 nornine
922 4348 1057 4414 domini
1081 4349 1324 4416 tertiodecimo
1349 4367 1444 4416 anno
1467 4346 1691 4434 principatus
1714 4347 1833 4414 domni
1860 4348 1973 4416 nostri
1996 4349 2116 4434 gisulfi
2138 4349 2286 4434 gloriosi
2314 4351 2451 4436 princi-

596 4503 677 4589 pis,
704 4522 823 4568 mense
846 4503 1063 4588 septembri,
1096 4506 1225 4570 octaba
1248 4502 1455 4570 indictione.
1489 4504 1582 4568 Ante
1606 4521 1662 4568 me
1684 4503 1840 4569 siconem
1864 4504 2028 4570 comitem
2052 4505 2089 4569 et
2111 4503 2266 4570 indicem
2292 4505 2379 4571 Urso
2409 4515 2452 4572 et

595 4656 771 4724 iohannes
793 4655 949 4741 gastaldi
977 4656 1144 4744 germani
1167 4656 1233 4722 lilii
1258 4657 1437 4742 quondam
1461 4655 1627 4722 ioannaci
1650 4655 1815 4730 castaldi,
1834 4654 2013 4722 coniuncti
2036 4659 2211 4724 sunt‘cum
2229 4659 2365 4726 stefano
2380 4659 2450 4726 lilii

595 4809 825 4876 constantini.
855 4809 917 4895 qni
932 4807 1065 4875 dicitnr
1079 4807 1362 4894 spiczacanzone,
1380 4811 1417 4874 et
1432 4809 1498 4894 ipsi
1517 4808 1683 4894 germani
1698 4807 1990 4876 clarificabernnt
2013 4829 2049 4876 se
2067 4812 2200 4878 habere
2217 4811 2307 4880 duas
2324 4813 2449 4899 pecias

596 4962 640 5028 de
657 4961 775 5038 terris,
788 4982 896 5055 unam
913 4981 993 5028 cum
1010 4963 1127 5033 vinea,
1143 4964 1178 5029 et
1194 4963 1347 5028 alteram
1364 4982 1444 5028 oum
1462 4963 1649 5030 arboribus
1665 4964 1772 5052 simul
1788 4963 1996 5032 coniunctas
2025 4966 2063 5031 ln
2076 4966 2152 5032 loco
2169 4967 2294 5044 veteri,
2305 4987 2328 5033 a
2339 4985 2454 5054 super

594 5118 709 5190 furca,
727 5133 795 5201 que
810 5115 941 5180 dicitnr
956 5114 1002 5181 da
1017 5115 1149 5196 alfano.
1168 5116 1213 5182 Et
1226 5115 1397 5182 dixerunt
1419 5116 1533 5202 ipsam
1549 5118 1683 5182 terram
1699 5135 1778 5182 cum
1796 5116 1900 5184 vinea
1916 5135 1990 5184 esse
2006 5136 2070 5202 per
2094 5119 2179 5186 fines
2194 5123 2238 5186 et¹
2247 5138 2454 5198 mensuras,

594 5268 686 5336 iusto
701 5287 805 5355 passu
822 5267 975 5336 hominis
992 5271 1228 5337 mensuratas.
1241 5270 1385 5356 Aperte
1401 5268 1550 5335 meridie
1562 5270 1630 5337 fine
1643 5267 1760 5337 media
1771 5288 1883 5356 sepes,
1898 5289 1965 5355 que
1977 5271 2148 5338 discernit
2159 5273 2255 5338 inter
2267 5275 2361 5341 hanc
2377 5277 2457 5342 ter-

594 5442 685 5500 ram,
704 5427 740 5489 et
756 5421 865 5490 aliam
889 5439 969 5488 cum
994 5422 1099 5488 vinea
1122 5421 1278 5507 ipsorum
1302 5440 1572 5507 germanorum,
1599 5425 1635 5488 el
1649 5422 1718 5496 fine
1736 5426 1872 5490 terram
1897 5424 2047 5491 bacnam
2064 5423 2176 5510 ipsius
2192 5426 2332 5493 ursonis
2348 5445 2457 5496 men·

595 5575 712 5670 surati
735 5577 873 5641 rectum
897 5573 997 5640 intus
1020 5573 1134 5660 ipsam
1158 5577 1295 5640 terram
1318 5574 1424 5640 iuxta
1447 5573 1561 5660 ipsam
1584 5592 1717 5659 sepem,
1736 5578 1772 5642 et
1794 5577 1943 5652 terram,
1969 5593 2091 5662 passos
2114 5577 2394 5664 quinquaginta.
2418 5585 2456 5650 A

593 5733 698 5816 parte
721 5728 871 5796 orientis
893 5729 963 5796 flue
988 5727 1150 5794 iamdicti
1175 5727 1314 5794 ursonis
1338 5726 1537 5794 mensurati
1561 5731 1698 5796 rectum
1721 5729 1819 5798 intra
1842 5731 1956 5818 ipsam
1982 5733 2114 5799 terram
2131 5751 2241 5822 prope
2266 5736 2378 5820 ipsam
2398 5737 2450 5804 fl-
