5372 7106
960 483 1045 558 DE
1089 484 1471 560 LAPIDIBUS
2031 490 2080 564 15

285 676 496 765 gristallina
518 679 635 767 specie
658 680 720 744 aut
742 697 837 767 aqua
860 631 1019 768 limpide.
1056 689 1156 751 Hunc
1191 683 1347 770 lapidem
1371 688 1432 774 qui
1456 686 1577 772 portat
1599 683 1754 753 invictus
1784 683 1856 751 erit
1880 688 1925 753 ab
1948 685 2045 754 omni
2070 687 2129 754 ho
2199 749 2204 764 ,

282 835 394 902 mine.
420 837 541 904 tamen
564 855 587 903 a
610 837 730 904 multis
753 840 946 924 temptatus
969 839 1006 905 et
1028 840 1198 926 probatus
1212 841 1277 907 est.
1296 841 1367 906 Nec
1382 839 1564 925 gladiator
1588 841 1649 907 aut
1669 842 1850 928 pugnator
1864 843 1997 908 habens
2012 841 2051 909 in
2065 859 2127 910 ore

284 1008 348 1058 suo
372 989 629 1079 inexuperatus
653 991 877 1078 permanebit
899 995 935 1060 et
957 992 1034 1060 sine
1057 992 1161 1060 sitem
1179 995 1257 1076 (sic)
1274 994 1336 1078 (1),
1355 999 1390 1060 et
1406 993 1527 1062 adleta
1551 997 1587 1061 et
1611 995 1742 1081 auriga
1767 994 1864 1062 omni
1890 995 1991 1063 modo
2006 995 2129 1064 vincit.

285 1143 370 1210 Milo
393 1142 488 1211 enim
513 1143 762 1211 Cotronensem
786 1143 880 1210 hunc
904 1143 1059 1229 lapidem
1079 1147 1226 1229 portans
1250 1164 1444 1234 numquam
1460 1147 1657 1214 astrictus.
1675 1149 1847 1214 Preterea
1863 1147 1968 1214 multi
1984 1147 2048 1215 alii
2064 1167 2128 1235 per

281 1301 400 1386 prelia
423 1318 504 1366 eum
529 1300 700 1367 babentes
723 1301 759 1364 et
790 1295 931 1364 sortiter
966 1299 1226 1385 belligerabant
1249 1305 1285 1366 et
1308 1299 1460 1368 invictos
1495 1305 1767 1388 permanebant.
1799 1306 1837 1370 et
1860 1322 1965 1390 reges
1988 1303 2130 1388 expulsi

279 1469 365 1522 sunt
389 1473 411 1522 a
435 1471 544 1540 regno
567 1469 629 1518 suo
653 1453 690 1518 et
713 1452 944 1536 rccipueruut
959 1451 1009 1535 (2)
1026 1450 1302 1520 dominationem
1326 1472 1398 1522 non
1420 1458 1535 1522 solum
1558 1475 1659 1524 suam
1687 1475 1810 1525 verum
1834 1457 1943 1524 etiam
1960 1457 2127 1526 alienam.

286 1607 386 1674 Facit
408 1606 516 1674 etiam
539 1623 682 1674 securos
705 1607 742 1672 et
765 1607 900 1692 grates.
925 1605 962 1671 et
984 1604 1166 1692 placentes
1189 1609 1370 1693 gestantes
1395 1626 1486 1674 eum.
1511 1608 1679 1675 Preterea
1713 1609 1812 1676 circa
1841 1613 2004 1678 venerias
2029 1611 2128 1678 volu-

284 1763 400 1848 ptates
423 1758 579 1827 reddidit
602 1761 693 1842 (sic).
719 1757 785 1825 Sed
808 1758 845 1824 et
866 1757 1077 1826 mulieribus
1102 1753 1261 1845 proderit
1284 1761 1511 1845 portantibus
1535 1761 1586 1846 (3)
1617 1762 1678 1848 qui
1706 1761 1833 1828 volunt
1858 1760 1946 1828 viris
1969 1715 2126 1848 placere.

282 1913 484 1980 Communis
505 1911 600 1978 enim
625 1910 718 2000 lapis
740 1911 806 1978 est.
824 1913 988 1980 Gestatus
1004 1930 1145 2001 quoque
1159 1913 1367 1980 firmitatem
1384 1912 1421 1978 in
1437 1911 1635 1980 oraticnem
1659 1915 1795 1998 prebet.
1814 1912 1897 1980 facit
1921 1917 2028 1982 etiam
2047 1935 2125 2002 por·
2159 1945 2163 1954 ·

281 2069 417 2134 tantem
441 2067 648 2154 speciosum.
674 2069 711 2133 et
733 2065 1014 2152 magnanimum.
1032 2068 1069 2133 et
1085 2069 1247 2153 probum.
1265 2067 1302 2132 et
1317 2067 1460 2140 bonum,
1478 2065 1599 2132 omnia
1622 2065 1804 2151 proposita
1825 2067 2058 2134 obtinentem.
2078 2071 2128 2152 (4)

321 2221 428 2307 Lapis
451 2222 623 2318 Gagaten.
649 2222 810 2307 Gagaten
825 2239 909 2286 vero
925 2220 1018 2307 lapis
1041 2217 1224 2286 invenitur
1248 2218 1286 2284 in
1309 2217 1455 2284 flumine
1472 2217 1563 2304 quod
1589 2217 1794 2304 appellatur
1816 2238 1970 2306 gagano.
2000 2223 2049 2304 (5)
2067 2224 2129 2289 Est

282 2379 399 2442 autem
422 2375 583 2441 sublineo
606 2375 723 2441 colore
748 2373 931 2460 magisque
954 2372 1110 2458 longius.
1137 2373 1251 2439 Habet
1275 2373 1394 2438 autem
1419 2370 1574 2438 virtutes
1597 2389 1745 2457 magnas
1768 2375 1804 2438 et
1819 2371 1983 2458 optimas.
2001 2373 2128 2441 Mulie·

282 2527 381 2595 ribus
404 2535 522 2594 autem
546 2526 576 2594 si
600 2545 671 2594 non
693 2525 862 2594 fluxerint
885 2527 1100 2592 menstruam
1125 2524 1187 2609 (6).
1213 2523 1244 2590 si
1268 2525 1363 2590 hunc
1387 2522 1542 2608 lapidem
1567 2525 1739 2590 conteres.
1764 2527 1801 2591 et
1824 2543 1931 2609 ponas
1955 2528 2131 2594 carbones

278 2681 446 2752 ardentes
470 2685 533 2766 (i).
558 2681 686 2750 deinde
707 2681 835 2766 jubeas
857 2678 1000 2746 mulieri
1024 2676 1264 2764 circumgredi
1289 2680 1329 2744 ut
1352 2681 1476 2744 uterus
1500 2674 1581 2761 ejus
1607 2678 1812 2762 vaporetur.
1831 2678 1867 2742 et
1889 2676 1940 2743 sio
1960 2679 2132 2764 purgabi-

275 2839 334 2904 tur
357 2837 434 2904 sine
456 2834 568 2904 noxia
591 2837 642 2919 (8)
665 2837 702 2902 et
724 2837 801 2901 sin'e
825 2833 958 2900 dolore.
984 2831 1020 2899 Si
1043 2833 1123 2918 quis
1146 2832 1266 2898 autem
1290 2829 1472 2916 mancipia
1492 2833 1686 2906 mercatur,
1713 2835 1749 2897 et
1772 2833 1850 2898 vult
1872 2832 1965 2898 scire
1988 2839 2026 2900 ut
2057 2851 2127 2900 non

273 2994 327 3060 sit
348 3011 395 3059 ex
418 2992 469 3058 eis
492 2989 658 3058 caducus.
684 2990 749 3056 aut
770 2987 964 3054 lunaticus.
989 2985 1163 3054 succende
1197 2983 1365 3068 lapidem.
1392 2989 1429 3050 ct
1451 2982 1482 3049 si
1507 2984 1639 3072 aliquis
1667 2987 1777 3052 talem
1806 2987 1931 3054 vitium
1958 2985 2128 3054 habuerit

276 3147 316 3214 in
340 3151 417 3234 ipso
440 3145 527 3213 vitio
551 3145 665 3213 cadet.
692 3147 841 3211 Tantam
867 3143 1036 3213 virtutem
1053 3143 1160 3210 habet
1174 3141 1247 3208 iste*
1257 3142 1362 3228 lapis.
1381 3144 1417 3208 et
1439 3161 1576 3209 omnem
1602 3143 1764 3211 fraudem
1780 3145 1817 3210 et
1832 3146 2032 3232 ligamenta
2048 3165 2128 3232 per·

282 3299 402 3366 solvit.
428 3301 465 3366 et
486 3315 675 3366 succensus
697 3314 819 3364 omnes
842 3313 979 3381 angues
1002 3296 1039 3362 et
1061 3294 1204 3382 viperas
1226 3295 1263 3360 et
1285 3295 1469 3380 serpentes
1493 3295 1646 3382 exsugat
1668 3315 1712 3364 ex
1738 3298 1827 3365 loco.

322 3452 429 3540 Lapis
452 3447 601 3519 medius.
625 3448 759 3518 Medius
782 3446 874 3534 lapis
899 3445 1003 3532 niger
1026 3448 1091 3512 est.
1117 3444 1231 3513 tribus
1255 3449 1374 3512 autem
1398 3445 1530 3513 emittit
1553 3466 1676 3515 croceo
1700 3438 1830 3515 colore.
1856 3449 1987 3516 multas
2011 3453 2123 3518 bonas

270 3609 313 3674 et
336 3605 452 3672 malas
475 3601 649 3690 potentias
672 3602 791 3669 habet.
817 3600 853 3666 Si
877 3599 956 3686 quis
979 3598 1149 3684 gaudium
1167 3599 1216 3683 (9)
1241 3602 1426 3686 comparat
1448 3598 1491 3665 ad
1514 3597 1707 3665 vindictam
1731 3597 1958 3666 inimicorum
1983 3605 2047 3668 aut
2071 3605 2124 3670 la-

273 3764 429 3868 tronum.
455 3761 508 3826 lta
531 3755 691 3824 homines
714 3754 845 3849 debent
867 3755 941 3820 tam
965 3749 1010 3818 ad
1034 3753 1157 3818 bonam
1183 3771 1288 3838 quam
1312 3751 1347 3818 in
1371 3753 1503 3818 malam
1519 3751 1550 3818 si
1566 3751 1711 3820 fortuna
1734 3752 1861 3822 tulerit
1884 3754 2004 3840 parati
2029 3773 2118 3825 esse.

277 4014 550 4032 μ

313 4198 362 4279 (1)
387 4198 422 4260 P.
451 4223 462 4256 ι
486 4199 552 4260 Nec
573 4195 730 4275 gladiator
752 4198 807 4256 aut
826 4197 994 4274 pugnator,
1017 4192 1136 4253 habens
1158 4194 1190 4253 in
1212 4211 1265 4254 ore
1287 4213 1355 4265 suo,
1378 4200 1547 4274 superatus
1568 4195 1769 4275 permanebit
1789 4201 1822 4257 ot
1836 4197 1905 4257 sine
1928 4198 2016 4259 exitu
2040 4221 2066 4260 ι,
2080 4237 2121 4247 -
2177 4175 2179 4180 ’

270 4345 310 4406 A.
338 4369 349 4402 ι
374 4345 454 4405 Nam
475 4343 632 4422 gladiator
653 4345 708 4400 aut
728 4342 885 4420 pugnator
906 4337 1025 4398 babens
1047 4357 1119 4397 cum
1140 4337 1173 4398 in
1194 4357 1247 4398 ore
1268 4357 1325 4401 suo
1346 4339 1549 4420 insuperatua
1571 4340 1769 4420 permanebit
1791 4345 1823 4401 et
1844 4341 1913 4403 sine
1935 4342 1999 4404 siti.
2026 4367 2038 4400 ι

243 4525 250 4538 ·
312 4491 360 4573 (2)
383 4493 419 4553 P.
442 4511 460 4552 e
482 4491 519 4552 A.
547 4514 559 4547 ι
583 4492 784 4568 receperunt.
811 4511 822 4542 ι

312 4637 359 4719 (3)
383 4638 419 4706 Ρ,
446 4661 458 4694 e
481 4634 682 4716 portantibus
705 4652 777 4693 eum
800 4631 854 4710 qui
878 4654 905 4689 a.
926 4667 967 4675 —
988 4631 1025 4690 A.
1053 4655 1064 4686 ι
1088 4631 1288 4709 portantibus
1311 4650 1404 4710 quae.
1430 4655 1441 4686 a

311 4783 359 4862 (4)
383 4782 417 4842 P.
441 4780 480 4842 ed
502 4782 541 4842 A.
570 4784 637 4840 rot
658 4778 776 4839 bonum
798 4777 903 4838 omnia
922 4775 1081 4856 proposita
1102 4775 1298 4836 obtinentem
1328 4777 1468 4854 fortibus
1500 4779 1702 4838 tutamentis.
1729 4801 1741 4832 ι
1777 4779 1894 4852 Quaste
1925 4781 1985 4843 due
2008 4781 2120 4844 ultime

268 4928 376 5009 parole
398 4945 460 4988 non
481 4926 507 4986 si
529 4925 662 5002 leggono
682 4922 735 4983 nol
756 4927 862 4983 nostro
883 4922 1008 4983 Codice.

311 5073 355 5154 (5)
378 5070 414 5134 Ρ.
438 5073 470 5133 in
491 5075 565 5133 nota
590 5096 601 5128 ι
626 5069 762 5148 Gagates
784 5089 897 5129 nomen
919 5069 1017 5128 habet
1040 5068 1101 5128 loci
1123 5073 1153 5128 ot
1179 5067 1280 5128 omnis
1303 5066 1399 5147 Gagis
1419 5066 1547 5150 Lyciae.
1570 5068 1676 5148 (Plln.
1699 5070 1734 5132 L.
1757 5071 1825 5140 1.»
1859 5072 1897 5134 A.
1931 5071 2003 5133 «In
2025 5079 2104 5135 nota

264 5218 425 5298 Gagano)
448 5217 488 5277 ab
510 5215 581 5276 aliis
603 5216 706 5294 Gages
729 5219 870 5275 vocatur.
895 5236 907 5268 s

312 5365 359 5446 (6)
382 5364 418 5427 P.
442 5384 460 5425 e
482 5364 521 5427 A.
548 5387 559 5420 ι
583 5367 757 5424 menstrua.
784 5383 795 5416 ι

309 5509 353 5590 (7)
375 5510 411 5570 P.
436 5529 454 5569 e
474 5508 513 5569 A.
541 5531 553 5563 ι
577 5512 721 5566 conteres
742 5509 773 5566 et
794 5523 891 5584 pones
912 5522 1009 5584 super
1030 5504 1184 5566 carbones
1205 5503 1365 5564 ardentes.
1392 5527 1403 5558 ι

305 5653 356 5735 (8)
378 5655 413 5716 P.
439 5674 456 5716 e
478 5655 516 5714 A.
544 5675 556 5709 r
579 5652 647 5714 aine
670 5653 772 5713 noxio.
799 5673 810 5705 ι

306 5795 356 5882 (9)
377 5800 415 5862 Α.
438 5797 472 5860 in
492 5801 577 5858 nota:
605 5820 617 5854 e
642 5796 784 5876 gladium
806 5796 901 5874 Rtng,
923 5799 1023 5865 recte,
1047 5801 1131 5875 puto.
1159 5819 1169 5848 ι
