5398 7106
643 504 714 578 206
1302 499 1474 575 coossx
1506 496 1772 574 onvuhsm

595 699 718 764 nostra
740 700 778 764 et
799 697 894 784 passi
917 695 1241 784 quadtuordecim:
1268 715 1292 764 a
1313 699 1414 783 parte
1438 695 1603 765 meridiei
1625 694 1793 765 similiter
1815 695 1886 763 tine
1909 695 2059 771 nostra,
2091 695 2137 760 et·
2151 692 2246 779 passi
2269 693 2442 780 quinqua-

595 848 766 934 ginta:'A
788 853 892 937 parte
914 849 1109 918 occidentis
1131 850 1201 918 fine
1223 850 1268 918 de
1291 849 1387 930 aliie,
1414 851 1452 918 et
1473 851 1569 938 passi
1592 850 1714 919 decern
1737 852 1774 918 et
1795 853 1886 918 octo.
1911 850 1943 914 A
1958 846 2211 934 septemtrione
2234 845 2445 914 dne-limite

559 961 565 972 Ι
594 1006 631 1070 et
654 1004 750 1090 passi
773 1005 1050 1092 quinquaginta,
1078 1009 1275 1074 mensurati
1301 1001 1346 1074 ad
1369 1008 1463 1075 iusto
1486 1023 1631 1092 passum
1654 1003 1803 1072 homini.
1844 1005 1916 1071 lsta
1938 1003 2040 1090 pecie
2062 1001 2181 1088 recepi
2216 1019 2239 1068 a
2273 1005 2308 1068 te
2332 1001 2446 1068 nomi·

595 1159 680 1224 nato
703 1157 884 1226 romoaldo
909 1158 985 1228 vice
1008 1177 1100 1237 mea,
1118 1161 1156 1226 et
1177 1159 1222 1227 de
1245 1159 1322 1246 ipso
1345 1177 1518 1246 germano
1542 1176 1637 1234 meo,
1658 1177 1722 1244 pro
1746 1158 1826 1242 ipsa
1849 1155 2137 1233 commutatione,
2155 1155 2249 1223 sicut
2271 1155 2446 1222 internos

596 1312 762 1379 conbenit
782 1331 846 1399 per
869 1309 942 1382 alia
964 1315 1108 1382 cartula
1131 1332 1200 1401 que
1223 1317 1312 1402 aput
1334 1333 1391 1380 me
1414 1312 1598 1382 remisisti.
1639 1315 1788 1399 Insuper
1823 1315 1860 1380 et
1882 1309 2043 1380 adiunsit
2083 1311 2148 1380 tibi
2181 1309 2357 1378 romoaldi
2382 1329 2447 1396 pro

598 1469 678 1550 ipsa
699 1463 975 1532 commutatione
999 1465 1164 1532 undecim
1188 1466 1270 1534 auri
1294 1467 1366 1533 tari
1391 1466 1600 1550 faciendum¹
1629 1465 1713 1534 inde
1736 1465 1829 1552 quod
1864 1465 2077 1542 volueritis,
2112 1467 2151 1564 et
2175 1463 2347 1550 guadiam
2380 1463 2447 1531 tibi

598 1622 759 1692 iamdicti
782 1624 957 1692 romoaldi
979 1624 1060 1692 dedi
1084 1627 1121 1692 et
1143 1625 1384 1694 fideiussorem
1408 1622 1474 1690 tibi
1498 1621 1599 1709 posui
1622 1621 1696 1689 sico
1719 1637 1834 1688 comes
1856 1621 1948 1688 dhus
1971 1619 2150 1707 quondam
2172 1617 2295 1704 guala.
2320 1619 2357 1684 et
2378 1635 2443 1704 per

597 1745 711 1862 ipsam
734 1778 905 1864 guadiam
928 1781 997 1846 etc:
1023 1781 1171 1848 Statata
1193 1779 1330 1848 mahta
1354 1779 1513 1862 triptota
1536 1781 1625 1846 cart
1658 1779 1858 1846 solidorum
1884 1778 2128 1846 Constantini.
2151 1777 2213 1843 *Et
2235 1777 2326 1843 talia
2348 1775 2446 1842 vobis

599 1929 869 2016 adimpleamus.
906 1932 982 2017 Ipso
1005 1931 1244 2002 disturbatum
1269 1932 1360 2019 legit
1382 1931 1501 2020 recepi
1524 1951 1547 1999 a
1570 1935 1606 1999 te
1630 1930 1839 2008 nominato,
1863 1934 1900 1998 et
1922 1930 2047 1998 taliter
2071 1933 2106 1998 te
2130 1933 2254 2018 petrus
2283 1927 2445 1996 notarius

600 2080 756 2150 scribere
780 2083 996 2170 rogavimus.
1764 2057 1770 2070 ⁵
2390 2059 2400 2064 '⁵
2449 2061 2460 2072 ’

642 2233 670 2324 †
694 2237 767 2322 Ego
790 2239 914 2325 petrus
939 2239 1102 2320 notarius
1126 2259 1182 2308 me
1205 2241 1413 2330 subscripsi.

642 2386 670 2478 †
693 2391 767 2476 Ego
790 2392 955 2462 alderissi
981 2396 1143 2464 notarius
1167 2416 1223 2465 me
1244 2397 1455 2466 subscribsi.

1317 2712 1702 2796 MCLXXXIII

1358 2966 1418 3042 A.
1445 2961 1503 3039 D.
1531 2962 1654 3038 1053
1676 2989 1683 2998 ·

646 3300 673 3392 †
696 3303 736 3367 ln
759 3298 899 3368 nomine
922 3297 1055 3367 domini
1078 3296 1286 3366 duodecimo
1309 3299 1426 3380 hanno
1449 3294 1672 3383 principatus
1695 3293 1814 3362 domni
1837 3293 1952 3362 nostri
1985 3291 2106 3379 gisulll
2143 3293 2290 3380 gloriosi
2314 3295 2447 3382 princi-

602 3455 668 3542 pis,
694 3471 816 3520 mense
839 3451 959 3529 iulius,
984 3454 1089 3520 sexta
1112 3449 1318 3518 indictione.
1345 3449 1636 3516 memoratorium
1661 3449 1794 3515 factum
1819 3467 1838 3512 a
1862 3465 1918 3516 me
1942 3447 2114 3515 raidollus
2138 3447 2316 3534 presbiter
2331 3451 2369 3516 et
2390 3452 2453 3518 ab

603 3611 678 3684 bas,
704 3611 741 3676 et
762 3607 856 3676 filius
881 3605 1059 3694 quondam
1082 3605 1255 3674 domnelli
1277 3605 1320 3674 de
1344 3607 1462 3673 locum
1487 3602 1698 3680 balnearia,
1723 3621 1764 3669 eo
1788 3601 1881 3689 quod
1904 3605 1988 3670 ante
2011 3603 2202 3691 subscripti
2226 3605 2360 3680 testes,
2385 3623 2450 3690 per

604 3766 696 3834 bona
718 3761 968 3830 convenientia
989 3758 1124 3828 tradidi
1147 3776 1213 3844 ego
1237 3776 1396 3826 sesamus
1411 3773 1605 3844 germanus
1629 3757 1759 3833 noster,
1777 3757 1814 3822 et
1837 3754 1932 3822 lilius
1955 3754 2162 3840 supradicti.
2176 3756 2376 3824 domnellus
2388 3775 2450 3844 ge·

605 3918 721 3984 nitore
743 3918 861 3983 nostro
884 3913 1066 3982 dalocum
1090 3913 1304 3988 balnearia,
1346 3929 1419 3978 una
1442 3909 1545 3996 pecia
1566 3910 1610 3977 de
1634 3912 1733 3977 terra
1755 3912 1879 3977 nostra
1902 3909 2122 3996 pertinentes
2145 3910 2297 3978 ecclesia
2333 3916 2455 3980 sancte

606 4069 730 4145 lucie,
766 4067 858 4155 quod
881 4086 947 4154 ego
972 4066 1145 4134 raidollus
1168 4067 1279 4133 abhas
1302 4083 1324 4132 a
1347 4067 1436 4132 nobo
1460 4063 1667 4132 fundamine
1690 4065 1893 4132 construxit
1916 4069 1953 4133 et
1975 4063 2155 4134 edifleabit
2177 4066 2216 4133 in
2241 4066 2347 4132 rebus
2370 4083 2452 4132 mea

605 4223 836 4293 iniamdicto
859 4223 976 4289 locum
1001 4221 1209 4298 balnearia,
1235 4223 1272 4287 et
1293 4239 1358 4306 pro
1381 4221 1486 4307 parte
1509 4221 1544 4284 et
1567 4217 1643 4286 bice
1665 4217 1710 4284 de
1733 4217 1812 4303 ipsa
1835 4217 1988 4285 ecclesia
2011 4216 2162 4286 tradidit
2185 4214 2293 4306 ipsius
2316 4215 2446 4285 sesami

605 4379 683 4465 ipsa
706 4377 808 4465 pecia
829 4376 873 4443 de
897 4377 1022 4450 terra,
1046 4393 1115 4462 que
1138 4378 1192 4442 est
1216 4377 1254 4444 in
1277 4373 1391 4459 ipsum
1416 4375 1531 4441 locum
1556 4371 1742 4439 balnearia
1765 4371 1804 4438 in
1827 4369 2001 4457 planede
2025 4371 2276 4439 montecellum
2300 4369 2347 4439 da
2368 4387 2451 4438 san·

605 4535 702 4600 ctum
725 4531 1011 4616 archangelum,
1037 4546 1105 4616 que
1128 4529 1181 4594 est
1203 4529 1304 4593 terra
1326 4525 1405 4612 ipsa
1428 4543 1491 4610 per
1514 4524 1594 4590 finis
1617 4528 1655 4590 et
1678 4523 1886 4602 mensuria;
1919 4523 1966 4591 da
1988 4541 2072 4609 pars
2095 4521 2359 4609 septemtrionis
2382 4522 2452 4590 tlne

607 4688 681 4764 bia,
707 4703 775 4772 que
799 4679 916 4771 pergit
939 4683 985 4751 ad
1009 4684 1087 4770 ipsa
1109 4681 1262 4749 ecclesia
1284 4681 1401 4749 sancti
1424 4678 1644 4765 archangeli,
1671 4679 1753 4746 inde
1777 4678 1871 4766 passi
1895 4679 2122 4764 octoaginta3
2144 4698 2171 4781 a
2195 4696 2279 4764 pars
2302 4676 2451 4746 meridie

607 4841 675 4907 line
699 4838 742 4905 de
765 4836 987 4905 consortibus
1010 4835 1152 4911 nostris,
1177 4838 1261 4902 sunt
1283 4833 1366 4902 inde
1390 4832 1485 4919 passi
1509 4831 1716 4919 nonaginta
1734 4831 1778 4900 de
1801 4832 1919 4918 capite
1935 4834 2076 4919 aparte
2097 4831 2291 4900 occidentis
2313 4833 2383 4900 fine
2404 4793 2455 4899 de¹

607 4992 686 5078 ipsa
708 4991 863 5058 ecclesia
885 4989 1002 5057 sancti
1026 4990 1249 5074 archangeli,
1267 4990 1361 5055 sicut
1384 4987 1467 5054 inde
1490 4986 1605 5054 limite
1628 4985 1813 5063 discernit,
1830 4985 1914 5054 inde
1938 4985 2032 5072 passi
2049 4985 2178 5072 viginti
2193 4987 2284 5064 octo;
2299 4985 2343 5054 de
2366 4985 2455 5073 pede

611 5163 633 5210 a
656 5149 758 5230 parte
780 5143 928 5210 orientis
950 5144 1019 5212 fine
1043 5145 1178 5220 nostra,
1204 5141 1287 5210 inde
1311 5144 1394 5210 abet
1417 5141 1511 5229 passi
1536 5142 1656 5210 decem
1682 5143 1718 5207 et
1742 5143 1857 5218 nobe,
1883 5141 1995 5208 totum
2020 5143 2264 5209 mensuratum
2291 5141 2343 5247 ad⁴
2360 5142 2458 5210 iusto

609 5315 750 5382 passum
774 5294 923 5363 homini.
950 5303 1021 5363 llec
1044 5313 1127 5362 vero
1152 5297 1257 5362 rebus
1280 5313 1345 5381 per
1367 5291 1537 5361 iamdicto
1560 5295 1642 5362 fluis
1665 5295 1702 5362 et
1725 5292 1906 5361 mensoria
1928 5312 2006 5360 cum
2029 5259 2145 5361 omnia
2170 5253 2264 5362 intro
2287 5312 2326 5361 se
2349 5295 2459 5362 aben-

610 5451 706 5519 tibus
731 5449 990 5536 homnibusque
1012 5448 1086 5516 suis
1110 5446 1350 5534 pertinentiis,
1375 5449 1412 5516 et
1435 5467 1515 5515 cum
1541 5447 1617 5516 vioe
1640 5447 1684 5515 de
1708 5447 1768 5524 via
1790 5464 1867 5524 sua,
1893 5467 1958 5535 pro
1981 5451 2085 5536 parte
2107 5451 2145 5516 et
2169 5449 2245 5520 bice
2268 5447 2380 5535 ipsius
2402 5468 2466 5518 ec·

609 5603 716 5672 clesie
738 5605 861 5671 sancte
884 5603 981 5672 lucia
1005 5604 1128 5670 nostra
1149 5602 1383 5689 pertinentes,
1409 5601 1542 5670 tradidi
1567 5621 1632 5689 ego
1656 5585 1768 5691 ipsius
1791 5603 1921 5672 sesami
1945 5601 1983 5669 in
2006 5603 2072 5672 tali
2095 5604 2241 5681 ordine,
2268 5607 2308 5671 ut
2330 5603 2458 5673 amodo

608 5757 645 5822 et
666 5773 806 5842 semper
827 5753 924 5823 omni
949 5757 1119 5841 tempore,
1138 5757 1240 5822 natos
1263 5757 1462 5832 nascentes,
1480 5775 1502 5824 a
1517 5775 1583 5825 sua
1606 5759 1643 5825 et
1664 5757 1709 5826 de
1732 5757 1806 5826 suis
1830 5757 2020 5826 heredibus
2035 5725 2116 5830 ‘sint
2138 5759 2350 5844 potestatem
2374 5756 2462 5827 illut
