5452 7108
1040 451 1499 536 orulouurtous

1072 827 1445 911 MLXXXVII

1114 1173 1174 1248 A.
1200 1170 1258 1248 D.
1285 1171 1411 1250 1047

378 1399 470 1490 †ln
493 1400 634 1469 nomine
658 1401 791 1468 domini
816 1402 981 1471 vicesimo
1005 1424 1097 1472 nono
1125 1424 1219 1474 anno
1254 1405 1478 1493 principatus
1513 1407 1632 1476 domni
1667 1409 1780 1476 nostri
1815 1411 2009 1496 guaimarii
2044 1411 2192 1498 gloriosi

333 1556 531 1644 principis,
557 1561 593 1624 et
615 1577 707 1626 nono
731 1578 825 1626 anno
849 1559 998 1629 ducatus
1022 1561 1098 1628 eius
1121 1562 1271 1642 amalfi,
1297 1582 1404 1650 quam
1429 1565 1465 1630 et
1487 1566 1588 1631 sexto
1613 1583 1706 1632 anno
1730 1563 1953 1652 principatus
1977 1567 2013 1632 et
2035 1566 2192 1653 ipsorum

333 1711 526 1780 ducatuum
550 1713 670 1780 domni
693 1714 814 1800 gisulfi
837 1715 913 1782 eius
936 1715 1000 1784 fliii
1024 1717 1149 1784 eximii
1172 1717 1348 1806 principis
1370 1721 1408 1786 et
1430 1719 1543 1796 ducis,
1570 1737 1690 1788 mense
1714 1721 1900 1806 augustus,
1926 1720 2195 1807 quintadecima

332 1865 540 1934 indictione.
566 1869 640 1954 Ego
664 1868 896 1954 truppoaldus
920 1870 1089 1938 diaconus
1113 1872 1150 1936 et
1173 1871 1357 1948 medicus,
1395 1891 1501 1959 quam
1525 1874 1562 1938 et
1594 1875 1703 1940 abbas
1727 1872 1875 1966 ecclesie
1906 1877 2027 1940 sancte
2062 1873 2190 1952 marie,

335 2039 403 2105 que
427 2023 631 2088 constructa
654 2025 709 2088 est
734 2022 833 2090 intus
855 2025 949 2090 hanc
972 2023 1233 2092 salernitanam
1251 2016 1439 2092 'civitatem
1462 2026 1558 2094 inter
1582 2047 1683 2094 muro
1707 2031 1743 2094 et
1766 2026 1953 2106 murioino‚
1978 2029 2015 2096 et
2038 2031 2091 2095 est
2113 2048 2193 2124 pcr-

334 2173 468 2240 tinente
492 2174 696 2260 supradicte
720 2175 874 2261 gloriose
897 2177 1094 2262 potestatis,
1121 2178 1332 2256 Glaresaoio‚
1347 2180 1515 2266 quoniam
1538 2198 1623 2266 pars
1647 2169 1757 2266 ipsius
1781 2180 1929 2248 ecclesie
1952 2200 1975 2248 a
1997 2181 2192 2250 lorishanc

332 2327 528 2414 predictam
551 2329 734 2396 cibitatem
756 2331 852 2398 iusta
874 2331 980 2398 fluvio
1005 2331 1112 2409 lirno‚
1139 2333 1199 2400 ubi
1224 2333 1358 2402 molina
1381 2333 1566 2400 destructa
1589 2337 1685 2412 sunt,
1711 2337 1747 2401 et
1771 2335 1870 2402 venit
1893 2336 1938 2402 ad
1961 2355 2025 2404 nos
2049 2337 2192 2404 benedi-

331 2485 409 2548 ctus
431 2482 525 2551 filius
548 2483 760 2570 hodelgardi
783 2505 964 2572 capuano,
989 2488 1026 2552 et
1048 2486 1102 2552 leo
1125 2478 1222 2554 tilius
1248 2487 1426 2574 quondam
1449 2489 1593 2565 stefani,
1611 2491 1648 2554 et
1670 2487 1764 2556 dixit
1787 2489 1888 2567 mihi,
1905 2487 1950 2555 ud
1974 2489 2005 2556 si
2029 2490 2062 2556 ei
2086 2490 2191 2558 dede-

333 2635 443 2703 rimus
466 2657 574 2704 unum
597 2639 734 2706 sedium
758 2639 802 2707 de
825 2638 903 2728 ipsa
926 2639 1062 2708 molina
1086 2639 1130 2706 de
1148 2693 1302 2708 ......
1328 2661 1462 2709 annum
1486 2643 1602 2729 ipsum
1626 2643 1800 2710 molinum
1824 2643 1989 2712 conciare
2011 2647 2048 2710 et
2071 2645 2190 2711 facere

330 2790 376 2857 da
399 2794 542 2869 nobum,
568 2796 604 2860 et
627 2812 693 2878 ego
716 2795 870 2862 facerem
894 2813 1016 2864 eorum
1040 2795 1090 2862 ibi
1114 2795 1347 2864 adiutorium.
1374 2797 1471 2864 Unde
1494 2815 1559 2882 ego
1584 2816 1648 2883 per
1671 2797 1929 2865 absolutionem
1952 2796 2190 2866 invictissime

330 2945 543 3030 potestatis,
568 2946 668 3014 cuius
692 2947 849 3033 pertinet
871 2948 950 3034 ipsa
973 2948 1154 3024 ecclesia,
1181 2949 1273 3014 Ante
1296 2947 1478 3035 presentia
1501 2947 1676 3014 ademarii
1701 2947 1841 3014 comitis
1864 2951 1901 3014 et
1923 2948 2079 3028 iudicis,
2117 2969 2189 3016 una

330 3115 410 3164 cum
433 3100 593 3186 predicte
616 3102 778 3180 ecclesie,
796 3101 940 3170 Tradidi
963 3101 1121 3189 ipsorum
1146 3100 1325 3170 benedicti
1349 3105 1385 3169 et
1407 3102 1502 3169 leoni
1526 3101 1688 3169 inclitum
1714 3101 1828 3188 ipsum
1845 3101 1982 3170 sedium
2005 3101 2049 3168 de
2072 3101 2188 3188 ipsum

330 3256 500 3324 molinum
523 3257 742 3324 destructum
766 3259 969 3344 pertinente
989 3307 1144 3324 ......
1170 3257 1232 3343 qui
1256 3259 1311 3324 est
1332 3255 1429 3324 iusta
1452 3257 1527 3343 ipso
1550 3256 1656 3324 flubio
1679 3257 1773 3324 lirno
1797 3260 1833 3323 et
1856 3256 1988 3324 dicitur
2002 3258 2058 3325 ad
2080 3259 2118 3324 lu
2134 3258 2191 3326 lu-

329 3429 384 3478 su.
409 3411 487 3478 Tali
511 3411 639 3490 tinore,
665 3411 712 3478 ud
736 3430 758 3478 a
780 3414 945 3498 presente
968 3411 1042 3478 illis
1065 3414 1102 3478 et
1123 3410 1269 3478 illorum
1293 3411 1483 3478 heredibus
1507 3415 1630 3478 tenere
1653 3407 1817 3478 inclitum
1852 3410 1895 3477 de
1918 3409 1993 3497 ipso
2017 3410 2190 3479 molinum

330 3585 409 3632 cum
433 3565 502 3633 ista
524 3565 568 3632 de
591 3566 666 3653 ipso
690 3566 862 3634 molinum
886 3569 922 3633 et
945 3566 1132 3634 arcaturia
1155 3585 1232 3642 sua,
1258 3567 1398 3632 etcum
1422 3565 1518 3632 sedio
1541 3584 1625 3640 suo,
1650 3567 1687 3631 et
1709 3583 1793 3631 usus
1819 3583 2022 3652 aquarum,
2048 3568 2188 3634 etcum

328 3720 548 3807 pertinentia
571 3721 613 3790 de
636 3722 752 3809 ipsum
776 3721 974 3799 molinum,
1000 3719 1158 3809 qualiter
1184 3719 1301 3805 ipsum
1327 3718 1498 3786 molinum
1523 3737 1606 3785 usus
1630 3719 1699 3785 suit
1723 3721 1843 3796 abere,
1880 3718 1931 3785 Ud
1957 3718 2031 3787 illis
2054 3723 2091 3788 et
2112 3718 2190 3789 illo-

323 3839 409 3942 rum
431 3875 580 3942 heredes
602 3877 640 3942 et
662 3875 874 3954 hominibus
901 3875 962 3962 qui
985 3875 1035 3942 ibi
1059 3873 1187 3942 mittad
1215 3873 1254 3940 in
1277 3873 1356 3960 ipsa
1380 3871 1619 3947 tractatione,
1661 3871 1781 3938 fodere
1805 3874 1842 3938 et
1864 3873 1963 3960 palos
1986 3873 2123 3960 figere,
2152 3877 2189 3942 et

328 4047 449 4097 omnes
472 4028 617 4096 illorum
641 4029 810 4098 utilitatis
833 4029 884 4096 ibi
908 4030 1038 4110 facere,
1064 4029 1232 4095 elabere
1256 4025 1353 4092 iusta
1376 4025 1551 4092 rationem
1574 4043 1639 4111 pro
1659 4076 1844 4093 .......
1869 4028 1906 4091 et
1928 4026 2188 4094 macenandum
2255 4075 2256 4078 ,

327 4183 441 4269 ipsum
465 4182 649 4258 molinum,
667 4184 703 4248 et
725 4182 850 4248 amodo
873 4184 909 4248 et
932 4199 1042 4268 usque
1066 4180 1112 4247 ad
1135 4182 1275 4264 tempus
1299 4178 1338 4244 in
1361 4176 1520 4244 calendis
1535 4179 1746 4264 september,
1771 4178 1864 4264 quod
1888 4178 1977 4246 facit
1993 4198 2189 4284 unum-an·

329 4353 414 4401 num
435 4385 560 4401 .....
644 4334 700 4398 vel
724 4332 870 4401 illorum
894 4333 1016 4399 eredes
1040 4331 1078 4399 in
1101 4350 1186 4418 pars
1210 4330 1254 4397 de
1278 4329 1356 4417 ipsa
1380 4329 1530 4397 ecclesia
1565 4330 1608 4397 de
1631 4331 1747 4417 ipsum
1783 4332 1958 4399 molinum
1981 4332 2052 4399 nisi
2077 4353 2187 4400 unum

329 4487 482 4556 modium
506 4487 549 4554 de
572 4507 727 4573 granum
751 4490 881 4554 bonurn
904 4487 1047 4574 plenum
1073 4485 1195 4552 culmu
1219 4485 1265 4551 ad
1289 4483 1444 4553 modium
1469 4484 1531 4570 qui
1553 4535 1677 4551 .....
1702 4485 1773 4551 ista
1796 4485 1903 4562 cives,
1921 4485 1991 4554 ista
2014 4487 2186 4555 nativitas

328 4643 461 4710 domini
485 4644 584 4730 prius
607 4643 783 4711 venientis
806 4647 842 4710 et
870 4643 982 4710 aliurn
1008 4641 1162 4710 modium
1199 4641 1243 4708 de
1267 4659 1423 4727 granum
1459 4642 1588 4706 bonum
1615 4641 1772 4707 culmum
1807 4641 1853 4708 ad
1876 4641 1992 4728 ipsum
2030 4641 2186 4710 modium

326 4797 365 4865 in
388 4817 496 4886 pasca
518 4797 652 4866 domini
679 4797 741 4884 qui
765 4800 820 4864 est
841 4796 940 4883 prius
964 4795 1128 4876 veniente
1151 4816 1192 4863 oc
1217 4815 1328 4863 anno.
1365 4797 1404 4864 In
1427 4769 1506 4882 ipsa
1541 4794 1701 4863 calendis
1732 4797 1932 4882 september
1966 4795 2012 4862 ad
2047 4797 2186 4882 tempus

328 4952 517 5040 adsignent
540 4952 640 5028 mihi,
659 4951 717 5017 vel
740 4950 786 5018 ad
809 4968 903 5016 meos
926 4966 1144 5016 successores
1167 4948 1206 5016 in
1219 4968 1305 5036 pars
1328 4950 1476 5017 ecclesie
1488 4950 1605 5038 ipsum
1623 4946 1797 5018 'molinum
1814 4948 2015 5017 conciatum
2039 4952 2182 5029 bonum,

327 5104 373 5172 ud
395 5106 593 5191 perlectum
616 5120 807 5170 macerare
830 5105 960 5188 possat,
986 5106 1022 5170 et
1045 5104 1091 5169 ab
1114 5101 1190 5190 ipse
1214 5103 1382 5171 calendas
1405 5106 1635 5190 september,
1675 5103 1758 5171 inde
1781 5122 1845 5172 sex
1881 5104 1968 5172 anni
2002 5106 2182 5192 completi,

326 5258 394 5345 ipsi
416 5260 622 5328 benedictus
645 5263 682 5326 et
703 5259 758 5326 leo
782 5261 819 5325 et
840 5258 985 5326 illorum
1009 5258 1131 5326 eredes
1154 5261 1303 5326 teneant
1325 5258 1440 5345 ipsum
1464 5259 1649 5338 molinum,
1668 5263 1704 5326 et
1727 5259 1890 5346 vigilent,
1908 5263 1945 5326 et
1967 5261 2181 5338 custodiant,

326 5419 363 5482 et
385 5416 558 5494 concient‚
584 5418 625 5483 ut
647 5435 703 5482 me
726 5433 916 5482 macenare
939 5417 1070 5500 possat,
1097 5415 1141 5480 Et
1164 5413 1261 5480 infra
1283 5387 1352 5498 ipsi
1375 5431 1438 5480 sex
1463 5412 1550 5480 anni
1573 5431 1638 5500 per
1660 5433 1781 5482 omnes
1804 5415 1891 5482 duos
1914 5434 2052 5483 menses
2075 5417 2185 5484 deant

326 5569 364 5638 in
386 5589 470 5658 pars
494 5569 604 5657 ipsius
627 5569 776 5638 ecclesie
799 5569 956 5656 quinque
972 5618 1126 5634 ......
1156 5587 1312 5654 granum
1335 5538 1466 5636 bonum
1490 5567 1661 5635 molitura
1685 5587 1795 5655 usque
1819 5569 1863 5636 ad
1887 5569 1956 5656 ipsi
1979 5570 2067 5638 anni
2090 5589 2184 5639 com·

326 5725 414 5812 ploti
437 5725 482 5793 ad
506 5723 788 5811 suprascriptum
812 5721 967 5788 modium
991 5721 1095 5808 plene
1131 5723 1219 5788 bene
1242 5721 1371 5787 culmo.
1413 5721 1442 5785 A
1467 5719 1636 5806 completi
1675 5719 1742 5806 ipsi
1778 5739 1842 5826 sex
1877 5721 1964 5790 anni
1999 5723 2185 5809 assignent
