5454 7104
602 498 648 569 lt
1053 509 1056 514 '
1248 493 1424 568 COllEX
1457 493 1717 568 cavensis

559 710 644 780 pore
669 694 764 761 inter
787 711 851 760 nos
874 691 1119 766 asozavimus,
1145 692 1182 756 et
1205 687 1312 755 sortis
1336 689 1468 756 tradite
1492 691 1665 766 abemus,
1689 689 1740 757 sio
1764 691 1917 759 dibisum
1940 695 2109 760 abeamus
2131 645 2228 762 omni
2250 695 2412 782 tempore

552 847 632 917 sine
658 867 729 915 una
752 848 808 914 vel
832 847 907 915 alia
929 851 1048 935 parte·
1067 844 1336 915 contrarietate.
1373 846 1411 910 ln
1434 843 1560 932 primis
1583 843 1737 914 dibisum
1773 845 1851 936 ipsa
1874 847 1976 934 peoia
2010 847 2053 914 de
2077 851 2176 915 terra
2199 867 2280 918 cum
2304 853 2410 918 arbu-

553 1005 624 1080 sta,
651 1002 711 1070 ubi
735 1003 867 1070 dicitur
891 1003 936 1071 ed
960 1003 1197 1089 persoaldum,
1223 981 1292 1087 que
1315 1000 1505 1067 coniuncta
1529 1004 1583 1066 est
1612 1001 1658 1067 ad
1682 999 1741 1068 via
1763 1000 1933 1087 puplica:
1958 1004 1995 1068 et
2017 1001 2099 1069 inde
2122 1001 2230 1070 michi
2253 1002 2351 1071 dedit
2374 1008 2410 1071 et

558 1158 711 1226 tradidit
733 1158 808 1246 ipse
832 1176 991 1226 Sesamus
1014 1157 1052 1222 in
1076 1159 1170 1224 sorte
1194 1175 1273 1222 meo
1297 1153 1422 1221 inclita
1445 1152 1638 1221 medietato
1661 1153 1697 1220 in
1721 1157 1824 1240 parte
1847 1155 2138 1242 septemtrionis,
2163 1162 2201 1225 et
2223 1157 2298 1246 ipso
2320 1179 2411 1226 sesa-

553 1336 631 1383 mus
656 1337 719 1403 pro
743 1336 780 1384 se
804 1319 840 1382 et
863 1337 926 1403 pro
950 1320 1052 1402 parte
1075 1317 1118 1384 de
1134 1317 1202 1404 ipsi
1226 1314 1410 1402 nepotibus
1435 1315 1577 1382 nostris.
1604 1317 1686 1383 Alia
1702 1316 1892 1384 medietate
1908 1316 2144 1403 compreensit
2166 1317 2203 1384 in
2219 1319 2322 1404 parte
2338 1337 2410 1384 me-

559 1464 654 1537 ridie¹
679 1489 759 1538 cum
785 1489 857 1538 una
881 1471 955 1538 atla
971 1471 1072 1558 pecia
1095 1471 1215 1558 ibique
1238 1471 1447 1558 propinquo,
1465 1489 1534 1557 que
1557 1473 1612 1536 est
1634 1471 1671 1537 in
1694 1471 1772 1559 ipsa
1787 1491 1871 1558 pars
1893 1472 2054 1550 meridie,
2072 1477 2108 1539 et
2130 1471 2319 1541 dividimus
2335 1475 2409 1542 alia

554 1626 657 1708 pecie
680 1625 718 1691 in
742 1625 857 1712 ipsum
881 1626 1011 1701 locum,
1038 1625 1097 1691 ubi
1121 1625 1166 1691 ad
1190 1643 1304 1710 cappu
1328 1623 1446 1708 pizulu
1470 1622 1615 1704 dicitur,
1641 1643 1710 1710 que
1733 1625 1923 1694 coniuncta
1945 1628 1999 1692 est
2021 1626 2066 1693 ad
2088 1625 2158 1693 fine
2181 1627 2240 1694 via
2260 1647 2282 1694 a
2306 1631 2408 1715 parte

557 1779 717 1856 meridie,
736 1779 962 1847 tradiderunt
985 1780 1092 1848 miehi
1117 1801 1188 1847 una
1211 1782 1317 1856 sorte,
1343 1781 1436 1867 qnod
1459 1783 1513 1847 θεῖ
1537 1781 1680 1848 tertiam
1705 1784 1820 1866 parte,
1838 1783 1875 1847 θῖ
1897 1781 1972 1867 ipse
1994 1799 2151 1848 sesamus
2174 1783 2410 1869 compreensit

551 1955 640 2002 cum
666 1933 748 2023 ipsis
773 1934 958 2021 nepotibus
981 1935 1054 2002 suis
1078 1934 1145 2000 duo
1169 1934 1274 2000 sortis
1298 1933 1335 2000 in
1359 1937 1462 2019 parte
1486 1933 1773 2021 septemtrionis,
1814 1937 1855 2001 ut
1876 1905 1971 2002 omni
1994 1937 2151 2021 tempore
2177 1934 2274 2002 siant
2295 1935 2410 2004 dibise

554 2089 599 2157 ad
623 2090 762 2176 equalis
786 2089 985 2156 mensuriis:
1026 2088 1203 2175 simulque
1227 2091 1264 2154 et
1286 2086 1474 2155 dividimus
1509 2088 1582 2154 alia
1606 2088 1708 2174 pecie
1731 2086 1774 2153 de
1799 2089 1923 2164 terra,
1954 2088 2014 2156 ubi
2037 2088 2083 2155 ad
2106 2090 2241 2156 saltere
2263 2089 2406 2166 dicitur,

552 2264 620 2330 que
660 2245 706 2312 da
729 2245 865 2311 duobus
888 2244 1052 2330 partibus
1075 2243 1121 2310 da
1144 2242 1317 2309 orientem
1341 2245 1377 2310 et
1401 2241 1446 2309 da
1469 2243 1688 2310 occidentem
1713 2263 1807 2332 aqua
1831 2203 2031 2331 procurrit,
2056 2247 2093 2309 et
2116 2243 2271 2330 qualiter
2294 2233 2412 2312 asoza-

553 2405 628 2468 tum
653 2400 732 2478 fuit,
758 2401 809 2468 sic
834 2400 916 2468 inde
941 2401 1049 2468 michi
1077 2399 1303 2468 tradiderunt
1327 2417 1433 2465 unam
1458 2399 1603 2465 tertiam
1626 2403 1741 2486 parte,
1768 2418 1836 2484 que
1861 2402 1915 2466 cst
1937 2418 1960 2466 a
1983 2419 2067 2485 pars
2090 2399 2249 2478 orientis,
2275 2401 2312 2466 et
2334 2399 2410 2487 ipse

554 2575 720 2623 sesamus
744 2577 807 2643 pro
831 2561 934 2645 parte
958 2578 1023 2624 sua
1047 2561 1082 2623 et
1106 2577 1168 2642 pro
1193 2554 1280 2642 ipsis
1303 2552 1489 2642 nepotibus
1512 2555 1611 2632 suis,
1653 2556 1736 2622 Inde
1760 2555 1996 2641 compreensit
2019 2555 2086 2622 due
2116 2554 2222 2622 sortis
2246 2555 2283 2622 in
2306 2559 2409 2642 parte

553 2709 749 2778 occidentis
773 2715 810 2777 et
832 2711 929 2778 omni
954 2715 1112 2797 tempore
1136 2711 1232 2776 inter
1256 2729 1319 2776 nos
1342 2709 1542 2777 dividamus
1565 2712 1611 2778 ad
1635 2711 1773 2796 equalis
1796 2709 1998 2777 mensuriis.
2035 2712 2079 2777 Et
2113 2711 2302 2778 dividimus
2336 2713 2410 2779 alia

557 2867 683 2942 rebuS,
704 2864 762 2930 ubi
779 2864 825 2930 ad
849 2865 1082 2931 cataoansulu
1106 2864 1249 2940 dicitur,
1276 2881 1344 2950 que
1368 2865 1451 2930 sunt
1473 2862 1571 2950 pecie
1596 2865 1695 2938 tres,
1723 2883 1795 2930 una
1818 2881 1886 2950 que
1909 2863 2039 2930 dicitur
2062 2865 2109 2932 da
2131 2865 2168 2939 lu
2193 2865 2347 2952 pellica,
2373 2869 2410 2932 et

552 3019 628 3086 alia
650 3019 752 3104 pecia
775 3019 893 3106 ibique
917 3019 1139 3106 propinquo,
1165 3039 1233 3108 que
1257 3023 1311 3086 est
1334 3019 1379 3088 ad
1403 3021 1471 3087 fine
1494 3019 1642 3086 iohanni
1664 3017 1730 3085 tilii
1753 3019 1928 3105 quondam
1954 3019 2153 3104 romoaldi,
2178 3020 2224 3087 da
2247 3021 2409 3106 partibus

554 3173 749 3241 occidentis
772 3179 808 3240 et
831 3173 876 3240 da
900 3176 1038 3243 duabus
1064 3175 1225 3262 partibus
1249 3180 1303 3242 est
1326 3176 1371 3242 ad
1394 3177 1463 3242 tine
1486 3175 1725 3260 guandelseri,
1750 3178 1787 3242 et
1809 3175 1855 3242 da
1878 3178 1980 3262 parte
2004 3174 2152 3241 meridie
2174 3176 2244 3241 line
2267 3170 2347 3250 via,
2373 3179 2410 3240 et

558 3328 637 3413 ipsa
660 3345 681 3391 a
705 3325 732 3392 li
756 3331 856 3393 curte
881 3327 1043 3404 maiore,
1078 3347 1146 3413 que
1169 3331 1223 3394 est
1245 3347 1309 3414 per
1332 3328 1412 3394 linis
1435 3328 1481 3395 da
1503 3328 1756 3416 septemtrione
1779 3328 1848 3394 tine
1872 3327 1943 3404 bia,
1969 3329 2073 3394 etde
2097 3327 2213 3414 capite
2237 3328 2282 3395 da
2305 3333 2409 3414 parte

437 3535 443 3546 .
552 3481 707 3554 ,orientis
730 3483 798 3549 tine
822 3482 896 3548 alia
920 3481 990 3556 bia,
1017 3485 1053 3547 et
1076 3482 1122 3548 da
1145 3484 1243 3568 perte
1268 3481 1462 3550 occidentis
1484 3484 1553 3550 fine
1577 3483 1620 3549 de
1644 3483 1766 3549 eredes
1790 3480 1959 3548 ildericus
1983 3481 2218 3562 subdiaconus
2252 3485 2289 3548 et
2311 3485 2411 3551 nota—

559 3635 659 3711 rius,
685 3639 721 3702 et
743 3635 790 3703 da
816 3638 918 3722 parte
949 3635 1098 3703 meridie
1121 3637 1189 3702 tine
1211 3635 1452 3721 guandelleri.
1490 3639 1557 3703 Isto
1581 3639 1742 3704 clausum
1767 3635 1917 3703 dibisum
1953 3635 2066 3702 estin
2091 3636 2266 3723 quadtuor
2288 3637 2405 3712 sortis,

553 3789 650 3856 unde
675 3789 749 3875 ipse
771 3807 928 3856 sesamus
952 3788 1101 3855 tradidit
1136 3789 1223 3855 inde
1247 3789 1335 3858 milri
1360 3790 1439 3875 ipsa
1463 3789 1565 3876 pecia
1600 3790 1647 3856 da
1669 3791 1708 3855 lu
1732 3789 1863 3876 pellica
1886 3809 1967 3855 cum
1992 3809 2063 3857 una
2086 3795 2217 3876 quarta
2240 3795 2343 3878 parte
2366 3793 2409 3860 de

484 3973 487 3978 ·
551 3946 631 4032 ipsa
654 3949 764 4020 curte,
791 3943 894 4030 quasi
918 3945 955 4014 in
981 3943 1141 4010 medium
1164 3947 1294 4022 locum;
1313 3946 1349 4010 θῖ
1372 3940 1445 4030 ipse
1467 3962 1626 4012 sesamus
1649 3943 1712 4031 pro
1728 3965 1765 4012 se
1789 3950 1826 4012 θῖ
1849 3966 1912 4032 pro
1935 3947 2003 4032 ipsi
2019 3947 2206 4032 nepotibus
2228 3948 2302 4016 suis
2318 3969 2410 4016 com-

553 4099 714 4184 preensit
735 4117 801 4187 per
824 4100 963 4168 ratione
987 4099 1055 4167 due
1080 4099 1185 4167 sortis
1209 4119 1288 4167 eum
1313 4099 1391 4184 ipsa
1413 4101 1575 4186 predicta
1599 4101 1736 4186 peciola
1758 4103 1802 4170 de
1825 4105 1936 4179 terra,
1957 4121 2025 4189 que
2048 4105 2102 4168 θεῖ
2124 4101 2245 4189 ibique
2267 4103 2410 4190 propin-

554 4272 650 4338 quo,
679 4257 717 4320 ut
739 4253 835 4320 omni
860 4257 1018 4341 tempore
1042 4255 1133 4322 fiant
1155 4255 1251 4321 inter
1275 4273 1338 4320 nos
1362 4254 1399 4321 in
1423 4235 1496 4321 tres
1518 4255 1624 4322 sortis
1647 4255 1692 4322 ad
1715 4256 1854 4340 equalis
1876 4255 2081 4324 mensuriis.
2106 4258 2237 4324 lterum
2261 4259 2298 4323 et
2320 4257 2408 4324 dibi-

528 4391 531 4397 ’
557 4411 678 4482 dimus
702 4413 777 4479 alia
800 4411 898 4500 peoia
922 4411 965 4478 de
991 4415 1091 4478 terra
1115 4409 1365 4476 cum'arbusto
1390 4409 1449 4476 ubi
1473 4409 1605 4476 dicitur
1628 4401 1675 4476 ad
1697 4429 1849 4496 cappum
1873 4410 2033 4487 maiore,
2060 4429 2128 4496 que
2151 4413 2205 4476 est
2228 4429 2292 4496 por
2314 4411 2407 4478 finis:

552 4587 574 4634 a
599 4571 701 4652 parto
726 4566 874 4632 meridie
898 4567 967 4631 tine
993 4565 1075 4642 bia,
1103 4584 1124 4630 a
1148 4569 1250 4649 parte
1274 4564 1465 4632 occidentis
1489 4565 1558 4630 line
1582 4564 1756 4640 domnica,
1782 4566 1818 4629 et
1841 4563 1941 4630 illam
1965 4563 2156 4630 diuidimus
2178 4564 2217 4631 in
2240 4566 2313 4631 tres
2335 4583 2410 4630 sor-

553 4721 612 4798 ns,
640 4739 711 4785 una
734 4719 889 4786 sortein
914 4723 1016 4804 parte
1045 4717 1320 4804 septemtrionis,
1346 4699 1479 4784 etalio
1502 4718 1540 4784 in
1563 4720 1665 4804 parte
1689 4718 1836 4786 meridie
1860 4720 1905 4787 ad
1929 4720 1997 4785 tine
2021 4719 2064 4785 de
2087 4719 2165 4804 ipsa
2189 4716 2273 4794 via;
2300 4718 2409 4784 tertia

551 4879 650 4942 sorte
674 4875 851 4948 mediana,
878 4873 1037 4960 qualiter
1061 4875 1240 4950 asoratum
1265 4873 1342 4949 suit,
1369 4873 1461 4940 unde
1485 4873 1560 4960 ipse
1583 4892 1741 4940 sesamus
1764 4893 1827 4960 pro
1852 4875 1955 4960 parte
1978 4893 2043 4940 sua
2065 4876 2102 4940 et
2124 4893 2189 4960 pro
2212 4873 2281 4960 ipsi
2306 4893 2410 4959 nepo-

553 5031 647 5096 tibus
673 5030 801 5096 nostris
825 4999 1073 5116 compreensit,
1093 5029 1176 5096 inde
1200 5029 1268 5094 due
1292 5029 1409 5106 sortis
1429 5047 1500 5095 una
1524 5047 1591 5114 que
1614 5031 1668 5094 θεῖ
1691 5029 1735 5094 θ(1
1760 5027 1836 5114 ipsa
1860 5032 1962 5114 parte
1985 5025 2258 5114 septemtrionis,
2284 5033 2321 5095 et
2336 5029 2408 5096 alia

552 5183 600 5250 da
624 5200 707 5265 pars
733 5183 879 5250 meridie
904 5185 1099 5252 coniuncta
1123 5189 1177 5251 est
1200 5185 1245 5251 ad
1269 5185 1347 5271 ipsa
1370 5185 1452 5262 via;
1478 5187 1514 5250 et
1537 5183 1624 5250 mihi
1647 5184 1823 5250 dederunt
1845 5189 1881 5250 et
1906 5184 2129 5252 tradiderunt
2151 5184 2187 5252 in
2211 5187 2305 5253 sorte
2329 5205 2408 5253 mea

556 5340 631 5428 ipsa
654 5341 749 5405 sorte
772 5337 963 5416 mediana,
1007 5343 1047 5407 ut
1070 5341 1169 5407 omni
1194 5343 1352 5427 tempore
1374 5343 1462 5408 flant
1485 5339 1579 5406 inter
1603 5357 1665 5406 nos
1688 5339 1733 5404 ad
1757 5339 1894 5423 equalis
1918 5295 2134 5413 mensuriis;
2159 5342 2196 5404 et
2219 5339 2408 5406 dividimus

553 5492 678 5580 ibique
702 5492 898 5580 propinquo
923 5495 1002 5564 alia
1025 5495 1128 5581 peeia
1150 5495 1193 5560 de
1218 5497 1317 5560 terra
1340 5512 1419 5558 cum
1444 5495 1588 5560 arbusto
1612 5493 1731 5581 ibique
1755 5494 1974 5581 propinquo,
2000 5513 2068 5580 que
2091 5496 2146 5559 est
2168 5513 2231 5579 per
2254 5493 2360 5566 finis,
2386 5514 2408 5560 a

554 5667 640 5735 pars
664 5650 925 5736 septemtrionis
949 5653 1019 5716 tine
1045 5648 1103 5716 via
1127 5650 1163 5714 et
1178 5649 1224 5714 da
1248 5666 1331 5734 pars
1354 5646 1500 5714 orientis
1523 5648 1591 5712 flne
1615 5646 1852 5732 guandelleri,
1881 5649 1918 5713 et
1939 5647 2008 5712 fine
2031 5646 2074 5712 de
2100 5647 2274 5714 ominibus
2298 5647 2408 5715 atria-

555 5804 668 5882 nensi3
686 5808 734 5878 et,
754 5805 910 5891 qualiter
935 5805 1036 5870 illam
1061 5804 1202 5870 asozata
1227 5801 1305 5876 suit,
1324 5800 1375 5866 sic
1398 5801 1497 5867 illam
1521 5801 1711 5869 dividimus
1734 5805 1769 5869 in
1787 5805 1860 5870 tres
1874 5805 1979 5871 sortis
1999 5823 2064 5891 per
2087 5807 2299 5880 trabersum,
2315 5804 2408 5872 unde
