5452 7108
1013 555 1436 630 orrnourrtcus
1584 636 1586 642 ,
2090 539 2133 636 ai

327 751 427 820 ducis
450 757 487 820 et
509 753 633 841 quinto
660 752 688 836 ¹)
712 771 804 820 anno
827 753 977 822 ducatus
1001 753 1143 820 illorum
1167 754 1287 840 apulie
1310 757 1347 819 et
1370 753 1546 829 kalabria,
1565 771 1684 820 meuse
1699 754 1898 850 ianuarius,
1917 756 2188 843 quintadecima

326 907 529 976 indictione.
557 911 705 996 ideoque
729 925 791 976 nos
814 909 971 976 isumus
996 904 1168 972 raidolfus
1191 905 1371 991 presbiter
1395 909 1431 972 et
1454 909 1564 974 abbas
1592 909 1797 987 clarefeci0,
1817 910 1984 998 quoniam
2016 909 2054 976 in
2079 913 2187 978 rebus

327 1085 407 1134 mea
428 1085 492 1154 pro
517 1084 637 1132 amore
660 1063 717 1132 dei
740 1067 777 1132 et
798 1063 1030 1151 omnipotenti
1054 1061 1298 1128 misericordia
1321 1061 1360 1128 in
1383 1063 1488 1128 rebus
1512 1080 1592 1128 mea
1626 1062 1664 1129 in
1691 1062 1807 1130 locum
1831 1063 2019 1131 balnearia
2042 1083 2064 1131 a
2088 1068 2182 1131 nobo

325 1219 529 1288 fundamine
553 1219 744 1290 fabricabit
766 1221 803 1285 et
825 1211 1002 1284 edificabit
1025 1215 1176 1283 ecclesia
1200 1217 1374 1284 vocabula
1396 1219 1522 1284 sancta
1546 1218 1654 1294 lucia,
1681 1219 1718 1283 et
1741 1217 1802 1284 ubi
1828 1218 1905 1304 ipsa
1928 1219 2079 1286 ecclesia
2104 1220 2186 1286 fun-

326 1371 412 1440 data
434 1375 499 1448 est,
525 1369 653 1438 inclita
675 1371 753 1458 ipsa
775 1371 877 1458 pecia
899 1371 943 1438 de
966 1374 1088 1447 terra,
1114 1371 1270 1456 qualiter
1293 1371 1381 1438 mihi
1406 1370 1538 1438 ibidem
1562 1373 1616 1437 est
1639 1372 1860 1458 pertinentes
1897 1393 2005 1440 avere
2028 1393 2051 1440 a
2074 1377 2178 1460 parte

325 1523 495 1590 domnelli
518 1523 717 1608 genitorem
740 1542 857 1589 meum
881 1525 917 1588 et
939 1521 986 1588 da
1009 1521 1184 1608 genitrice
1209 1543 1288 1592 mea
1311 1525 1438 1592 inclita
1461 1525 1540 1611 ipsa
1563 1526 1666 1612 pecie
1689 1526 1726 1593 in
1751 1545 1821 1612 quo
1846 1526 1923 1613 ipsa
1939 1525 2102 1612 predicta
2126 1511 2185 1594 ccss

325 1673 437 1742 clesia
459 1674 608 1742 fundata
631 1677 711 1750 est,
736 1674 832 1741 siant
853 1673 949 1740 omni
972 1677 1130 1762 tempore
1153 1676 1190 1744 in
1214 1676 1375 1760 predicta
1398 1675 1475 1764 ipsa
1498 1680 1676 1756 ecclesia,
1705 1683 1743 1746 ut
1767 1700 1838 1747 non
1862 1679 1958 1747 siant
1982 1681 2178 1766 aliquando

325 1833 484 1917 tempore
506 1832 708 1897 substracta
732 1831 795 1897 aut
818 1827 1039 1896 amminuata
1062 1829 1105 1896 de
1129 1829 1207 1915 ipsa
1230 1829 1381 1899 ecclesia
1404 1851 1469 1918 per
1492 1833 1630 1900 nullum
1654 1832 1810 1910 modum,
1828 1835 1864 1900 et
1887 1833 2017 1901 ibidem
2042 1853 2185 1921 perma-

325 1986 416 2054 nead
439 2003 578 2072 semper
600 1985 785 2052 defensata
807 2003 871 2070 per
894 2003 950 2052 me
973 1987 1009 2050 et
1032 2003 1096 2071 per
1119 1984 1206 2052 meis
1230 1986 1394 2054 eredibus
1425 1986 1472 2053 da
1494 1987 1608 2054 omnis
1631 1987 1767 2055 omines
1792 1984 1978 2076 homnique
2002 1989 2182 2075 partibuS,

324 2161 405 2208 cum
427 2139 548 2206 omnia
570 2139 668 2206 intra
691 2157 759 2224 que
783 2157 862 2205 eam
885 2142 970 2206 sunt
992 2141 1029 2204 61
1051 2139 1169 2206 cuntis
1192 2138 1431 2224 pertinentiis,
1449 2142 1486 2205 et
1509 2159 1589 2206 cum
1614 2139 1691 2206 bice
1716 2141 1763 2207 da
1788 2141 1847 2208 via
1870 2161 1936 2209 sua
1959 2143 2004 2210 ad
2029 2143 2179 2230 116666-

324 2292 483 2362 cerdotes
507 2293 568 2379 qui
591 2292 720 2361 ibidem
742 2292 1038 2370 ordinaberimus,
1064 2311 1204 2379 semper
1226 2291 1323 2358 siant
1346 2291 1476 2358 ibidem
1501 2291 1773 2377 preordinatum
1797 2254 1842 2360 ad
1866 2295 2079 2364 oficiandum
2105 2297 2185 2385 ipsa

323 2448 474 2516 ecclesia
497 2467 561 2534 per
585 2467 640 2516 me
664 2450 701 2514 et
723 2467 788 2534 per
803 2448 890 2515 meis
914 2445 1089 2523 eredibus;
1104 2448 1140 2512 et
1164 2448 1303 2532 quanta
1326 2445 1401 2514 alia
1425 2449 1529 2514 rebus
1545 2447 1759 2533 conquidere
1784 2450 1820 2514 et
1835 2452 1943 2517 abere
1961 2451 2185 2536 potuerimus

323 2621 387 2688 pro
411 2604 513 2687 parte
536 2602 573 2666 et
597 2599 674 2667 vice
696 2599 739 2666 de
763 2599 841 2686 ipsa
864 2597 1043 2676 ecclesia,
1082 2597 1158 2666 sibe
1185 2615 1251 2683 ego
1275 2601 1340 2665 aut
1363 2598 1571 2684 parentibus
1595 2599 1709 2677 meis,
1743 2600 1805 2686 qui
1828 2605 1913 2669 sunt
1935 2605 2182 2685 benefactorii,

323 2777 463 2846 semper
486 2757 583 2825 siant
606 2757 651 2824 ad
676 2759 887 2843 potestatem
910 2755 954 2824 de
977 2753 1056 2842 ipsa
1078 2754 1255 2830 ecclesia,
1280 2756 1317 2820 et
1339 2755 1383 2822 de
1405 2755 1633 2833 sacerdotes,
1659 2757 1721 2843 qui
1744 2757 1824 2842 ipsa
1847 2759 1999 2826 ecclesia
2021 2761 2188 2862 oficiabe-

325 2914 411 2982 rint:
429 2915 570 2980 tantum
593 2913 710 3000 ipsum
733 2913 934 2980 sacerdotes
958 2910 1019 2999 qui
1042 2910 1173 2978 ibidem
1198 2910 1559 2998 preordinaoerimus‚
1577 2911 1686 2978 deant
1701 2911 1784 2979 inde
1808 2913 1918 2981 michi
1942 2916 2000 2980 vel
2022 2915 2068 2983 ad
2093 2915 2184 2983 meis

323 3069 486 3137 eredibus
510 3069 694 3136 incensum
717 3067 761 3134 de
784 3068 862 3154 ipsa
885 3065 1037 3134 ecclesia
1059 3084 1123 3152 per
1147 3083 1280 3132 annum
1304 3064 1342 3132 in
1366 3065 1537 3133 nativitas
1559 3066 1706 3144 domini,
1725 3069 1762 3134 et
1784 3065 1824 3134 in
1846 3087 1954 3156 pasca
1976 3069 2123 3148 domini,
2146 3073 2186 3137 et

323 3224 361 3290 in
385 3221 580 3290 festivitate
603 3224 725 3289 sancte
749 3221 843 3289 lucie
867 3241 937 3288 ana
960 3223 1040 3288 trea
1054 3221 1170 3287 oferta
1185 3239 1250 3306 per
1265 3219 1341 3305 ipse
1356 3217 1583 3297 festivitates,
1598 3220 1736 3288 nullam
1753 3221 1828 3288 alia
1844 3241 1953 3290 causa
1968 3223 2097 3291 exinde
2113 3244 2186 3294 non

323 3396 514 3466 queramus
530 3375 659 3444 exinde
683 3377 822 3452 tollere,
842 3377 878 3442 et
893 3393 1032 3460 semper
1045 3373 1123 3461 ipsa
1138 3373 1292 3440 ecclesia
1306 3371 1403 3440 siant
1417 3373 1462 3440 ad
1478 3375 1653 3460 potestate
1669 3395 1750 3442 mea
1766 3377 1823 3443 vel
1838 3377 1882 3444 de
1898 3377 1986 3444 meis
2001 3378 2185 3459 eredibus,

321 3531 367 3599 ad
381 3531 619 3600 ordinandum
642 3550 723 3597 cum
738 3528 851 3596 omnis
868 3531 973 3596 rebus
988 3527 1032 3595 de
1047 3527 1218 3595 iamdicta
1241 3525 1392 3593 ecclesia
1415 3527 1547 3593 etcum
1562 3526 1677 3594 omnis
1693 3528 1856 3614 regimen
1870 3529 1914 3597 de
1931 3530 2080 3598 eandem
2104 3531 2185 3618 ipsa

320 3685 484 3762 ecclesia,
495 3687 531 3752 et
546 3683 748 3752 faciendum
764 3702 830 3770 ego
845 3684 882 3749 61
897 3682 985 3749 meis
1000 3681 1193 3749 heredibus
1208 3682 1328 3749 omnia
1344 3679 1506 3768 quicquit
1521 3681 1738 3750 voluerimus
1753 3683 1791 3750 in
1806 3685 2053 3773 suprascripta
2076 3687 2189 3756 ratio-

321 3859 379 3922 ne.
405 3841 536 3906 lterum
559 3840 597 3906 et
618 3805 685 3924 ego
708 3835 976 3924 prenominatus
1000 3834 1171 3903 raidolfus
1193 3835 1371 3922 presbiter
1394 3840 1430 3904 et
1453 3839 1562 3904 abbas
1586 3840 1718 3904 etcum
1742 3838 1869 3922 quanti
1893 3838 2023 3926 aliquit
2046 3860 2179 3928 paren-

319 3993 414 4062 tibus
430 3993 517 4062 meis
532 3991 762 4070 benefactori,
781 3991 921 4058 nomine
937 3989 1082 4058 illorum
1105 4008 1264 4058 sesamus
1279 4011 1472 4078 germanus
1496 4011 1594 4058 meus
1617 3995 1654 4058 et
1669 3992 1764 4060 illius
1788 3992 1941 4078 predicti
1965 3975 2184 4064 domnellam

319 4149 518 4236 genitorem
535 4151 706 4226 nostrum,
721 4152 757 4214 et
772 4147 954 4224 iohannes,
972 4149 1009 4214 et
1032 4165 1126 4224 urso,
1144 4149 1181 4213 et
1204 4146 1392 4250 ralfu,'qui
1414 4150 1498 4214 sunt
1520 4147 1684 4234 germani
1708 4147 1774 4216 filii
1798 4149 1975 4236 quondam
1992 4152 2175 4228 lamberti,
2240 4121 2242 4130 ,

316 4306 356 4404 61
370 4302 471 4389 gaita
487 4303 614 4370 relicta
629 4302 806 4389 quondam
822 4299 1003 4379 lamberti,
1017 4301 1054 4367 61
1069 4299 1278 4385 genitricem
1296 4302 1467 4378 nostram,
1478 4301 1540 4388 qui
1555 4319 1676 4368 sumus
1692 4303 1808 4368 mater
1823 4305 1860 4369 et
1874 4303 1952 4380 filii,
1963 4304 2186 4391 golprandus

318 4457 414 4526 illius
426 4456 603 4545 quondam
615 4454 796 4541 guaiferii,
811 4457 848 4522 et
859 4453 987 4532 salvia,
998 4453 1060 4539 qui
1072 4473 1193 4520 sumus
1209 4455 1325 4520 mater
1337 4455 1373 4518 et
1384 4453 1469 4532 filio,
1483 4457 1520 4521 et
1532 4455 1725 4533 madelmu‚
1744 4457 1780 4521 et
1796 4455 1974 4534 aloardus,
1986 4457 2047 4544 qui
2063 4476 2187 4526 sumus

319 4613 483 4697 germani
499 4613 563 4680 dlii
580 4611 756 4699 quondam
773 4609 854 4688 roti,
872 4613 909 4676 et
923 4607 1054 4676 mulier
1077 4607 1220 4676 nomine
1236 4610 1361 4677 aloara
1376 4628 1468 4676 uxor
1491 4608 1594 4678 istius
1611 4609 1761 4687 aleardi,
1787 4613 1824 4677 et
1846 4609 1985 4678 delecta
2008 4611 2185 4697 genitrice

319 4767 442 4833 nostra
454 4765 582 4832 relicta
594 4763 771 4852 quondam
783 4764 856 4850 poti
868 4763 1067 4848 genitorem
1080 4764 1252 4840 nostrum,
1267 4763 1304 4828 et
1315 4765 1450 4848 petrus,
1461 4765 1498 4829 et
1509 4713 1637 4830 dilecto
1651 4762 1795 4840 clerico,
1810 4763 1872 4849 qui
1884 4780 2004 4829 sumus
2018 4763 2185 4849 germani

319 4924 356 4987 et
376 4919 443 4988 fflii
466 4921 643 5008 quondam
666 4917 848 5006 iaquinti,
874 4917 935 5003 qui
958 4879 1081 4984 sumus
1105 4915 1170 4982 toti
1194 4916 1237 4984 de
1261 4917 1377 5001 gradu
1401 4917 1591 5002 parentum
1616 4917 1829 4993 nostrorum,
1856 4914 2034 4982 abitantes
2058 4933 2183 4983 sumusw

318 5073 357 5142 in
379 5075 547 5143 iamdicto
570 5076 686 5143 locum
710 5074 923 5151 balnearia,
962 5077 999 5142 et
1022 5069 1178 5158 qualiter
1202 5071 1267 5140 toti
1291 5089 1411 5140 sumus
1435 5069 1685 5157 prenominati,
1727 5069 1961 5138 unianimiter
1984 5089 2183 5156 congruum

318 5234 372 5298 est
393 5229 494 5298 nobis
517 5249 606 5299 rone
629 5230 749 5297 nostre
772 5227 991 5304 voluntatis,
1016 5245 1081 5312 pro
1105 5225 1300 5294 remedium
1323 5224 1451 5294 salutis
1474 5226 1592 5293 anime
1616 5226 1736 5292 nostre
1760 5225 1797 5290 ct
1819 5223 1864 5290 de
1887 5223 2096 5310 parentibus
2122 5243 2186 5290 no-

315 5387 411 5465 stris,
437 5405 501 5473 per
524 5403 592 5453 anc
615 5387 818 5453 hcartulam
841 5381 1038 5451 offertionis
1061 5385 1145 5450 ante
1169 5379 1361 5468 subscripti
1384 5382 1492 5448 testes
1515 5379 1646 5446 oferire
1671 5378 1891 5447 voluerimus
1915 5377 1953 5446 in
1969 5378 2047 5465 ipsa
2071 5378 2185 5447 eccle-

322 5675 625 5695 m

356 5795 382 5874 ⁸)
404 5798 517 5861 Potius
539 5805 670 5878 quarto.
