5372 7106
622 495 674 570 24
1289 491 1708 572 DAMIGERON

560 696 631 762 -Est
660 696 779 762 autem
804 695 898 782 lapis
920 696 1163 764 consecratus.
1189 695 1389 764 Minorante
1411 695 1500 762 luna
1521 693 1811 782 septimadecima
1832 710 1944 782 usque
1968 691 2149 762 tricesima
2172 696 2296 764 uteris.
2337 699 2418 765 ore.

571 852 696 918 scente
719 867 803 918 vero
829 851 1008 938 usquead
1032 851 1292 938 quintadecima
1317 853 1366 935 (1)
1391 868 1462 918 non
1485 849 1610 917 uteris.

616 1004 722 1092 Lapis
744 1007 980 1092 gagatromeo
1004 1007 1068 1089 (2).
1107 1007 1338 1092 Gagatromeo
1363 1005 1453 1092 lapis
1475 1003 1603 1072 similis
1636 1005 1691 1071 est
1712 1001 1828 1092 caprii
1862 1004 2016 1071 colorem
2040 1005 2104 1088 (3).
2141 1003 2233 1072 idest
2267 1004 2431 1092 capriole

570 1160 737 1244 agrestis.
762 1159 797 1226 Si
822 1159 901 1246 quis
925 1159 1020 1225 hunc
1043 1157 1200 1245 lapidem
1225 1176 1306 1225 usus
1321 1112 1429 1225 luerit
1452 1156 1552 1226 utilis
1574 1159 1641 1225 est.
1668 1157 1992 1227 Inistoriisautem
2014 1161 2051 1226 et
2073 1157 2250 1226 inimicos.
2267 1159 2428 1246 quicum

571 1313 739 1382 habuerit
762 1311 863 1381 sortis
887 1314 955 1380 est.
981 1318 1082 1380 Hunc
1098 1311 1196 1380 enim
1213 1310 1367 1398 lapidem
1392 1312 1557 1378 hercules
1580 1329 1663 1379 usus
1678 1314 1733 1380 est
1746 1313 1784 1380 et
1797 1332 1878 1380 cum
1894 1332 1976 1381 eum
1991 1313 2212 1400 deposuisset
2229 1313 2344 1380 victus
2360 1321 2427 1382 est.

616 1467 722 1554 Lapis
744 1467 903 1536 feliciten
928 1469 992 1550 (4).
1018 1465 1191 1534 Feliciten
1215 1465 1308 1554 lapis
1332 1465 1463 1533 similis
1486 1468 1541 1534 est
1564 1467 1678 1538 fenico
1702 1469 1832 1538 balano
1855 1469 1919 1552 (5).
1963 1467 2055 1536 idest
2078 1467 2205 1538 dattilo
2228 1469 2426 1536 subrubeus

572 1625 628 1691 vel
651 1623 869 1711 sanguineus
893 1622 1068 1691 mirabilis
1091 1623 1183 1710 lapis
1210 1674 1439 1691 .......
1465 1625 1502 1689 et
1523 1625 1641 1690 causis
1666 1623 1730 1710 (6).
1753 1626 1791 1691 et
1813 1587 1990 1694 actionem
2013 1623 2110 1692 utilis
2133 1627 2199 1692 est.

620 1779 724 1866 Lapis
748 1779 865 1846 lincis.
891 1777 1123 1866 Lincislapis
1145 1795 1245 1845 secas
1268 1777 1308 1845 in
1330 1777 1420 1846 duas
1444 1781 1575 1865 parles.
1602 1781 1642 1846 In
1666 1779 1737 1846 mel
1761 1781 1799 1846 et
1821 1780 1892 1846 lac.
1918 1777 2044 1846 deinde
2070 1779 2166 1848 tollis
2204 1782 2241 1848 et
2280 1777 2432 1846 includis

573 1934 612 2002 in
636 1936 742 2004 anulo
766 1938 802 2002 et
824 1933 875 2001 sic
898 1933 1069 2020 portabis.
1093 1935 1131 1999 et
1154 1931 1369 2020 ubicumque
1392 1951 1474 2000 cum
1497 1933 1574 2020 ipso
1597 1932 1730 2022 geris(
1756 1936 1795 2018 ’)
1820 1935 1871 2018 (7)
1895 1953 1976 2002 cum
1999 1934 2129 2020 gaudio
2162 1937 2200 2002 et
2222 1935 2430 2020 ylaritatem

576 2089 668 2176 quod
693 2087 847 2156 volueris
871 2086 1029 2155 habebis.
1582 2043 1583 2047 Ἴ

616 2244 719 2330 Lapis
742 2243 944 2311 narcissite.
981 2243 1174 2312 Narcissite
1199 2241 1292 2330 lapis
1316 2245 1371 2311 est
1393 2243 1519 2312 viridis
1543 2245 1700 2313 modicus
1724 2243 1850 2312 martis
1883 2243 2026 2330 signum
2049 2245 2199 2330 habene.
2237 2243 2300 2313 bic
2324 2245 2433 2314 tritus

577 2398 718 2466 odorem
743 2399 854 2466 habet
877 2399 1026 2466 narcissi
1051 2401 1159 2466 herbe
1184 2399 1279 2468 doris
1303 2401 1526 2485 magnificus.
1552 2407 1652 2467 Hunc
1675 2399 1831 2486 lapidem
1854 2399 1917 2487 qui
1941 2417 2024 2468 usus
2040 2401 2150 2468 fuerit
2164 2403 2286 2468 omnia
2301 2399 2430 2469 vincit.

619 2553 724 2640 Lapis
746 2552 929 2620 steatiten.
965 2551 1145 2621 ;Steatiten
1169 2552 1262 2639 lapis
1285 2552 1412 2620 similis
1435 2555 1490 2620 est
1512 2553 1677 2640 adipibus
1700 2554 1824 2622 leonis.
1849 2553 1908 2622 hic
1932 2553 2086 2622 lucidior
2123 2557 2178 2622 est
2201 2553 2313 2622 leonis
2336 2557 2433 2623 colo·

575 2723 664 2774 rem.
691 2704 815 2773 Victor
838 2709 893 2772 est
915 2707 1008 2772 enirn
1033 2705 1249 2792 quicumque
1272 2722 1354 2772 eum
1378 2705 1418 2774 in
1440 2705 1587 2773 sinistro
1611 2705 1760 2774 brachio
1785 2724 1869 2774 usus
1892 2706 2020 2774 fuerit.

619 2859 724 2944 Lapis
747 2859 943 2946 Gemptine.
969 2858 1154 2945 Oamptine
1177 2860 1268 2945 lapis
1290 2859 1350 2926 hic
1375 2857 1421 2926 ad
1444 2857 1731 2946 impetrationem
1755 2859 1843 2929 facit
1865 2860 1911 2929 ad
1934 2862 2044 2929 Deum
2067 2863 2105 2927 et
2127 2861 2173 2929 ad
2196 2861 2369 2928 homines.
2395 2862 2435 2928 et

575 3031 704 3098 corpus
726 3013 862 3098 ylarem
888 3013 988 3081 facit.
1014 3017 1052 3080 et
1074 3013 1237 3081 timorem
1262 3015 1438 3082 malorum
1463 3017 1526 3099 (8).
1563 3032 1626 3082 seu
1658 3014 1771 3082 furias
1808 3015 2000 3102 compescit
2035 3023 2070 3084 et
2105 3015 2435 3084 commendationes

576 3171 673 3240 sacit.
698 3169 884 3256 ydropicos
907 3173 1010 3237 curat
1034 3170 1071 3238 in
1095 3170 1242 3238 sinistro
1266 3169 1413 3238 brachio
1436 3169 1601 3254 alligato
1627 3175 1729 3236 Hunc
1752 3171 1872 3237 autem
1909 3169 1953 3238 de
1976 3173 2104 3258 quavis
2133 3169 2435 3238 consecrationem

576 3341 802 3392 consecrans.

620 3475 727 3562 Lapis
750 3475 992 3544 chrisolitheo.
1018 3475 1254 3543 chrisolitneo
1276 3473 1369 3562 lapis
1392 3476 1447 3541 est
1468 3477 1612 3560 spissus.
1637 3473 1789 3542 lucidus.
1814 3473 1941 3544 similis
1956 3492 2060 3544 auro.
2085 3473 2144 3542 hic
2167 3475 2368 3562 applicatus
2387 3473 2434 3544 ad

579 3648 744 3699 rasuram
767 3629 848 3697 auri
874 3629 1014 3696 levatus
1037 3629 1245 3716 philacterii
1269 3631 1510 3698 tutamentum
1534 3629 1590 3695 est
1612 3627 1658 3695 ad
1681 3630 1875 3696 nocturnos
1898 3627 2044 3696 timores
2067 3629 2248 3714 pertusus.
2274 3632 2310 3696 et
2333 3632 2437 3697 tran·

579 3783 711 3852 siectus
734 3801 813 3851 cum
835 3783 920 3852 setis
943 3783 1101 3852 aseninis
1126 3785 1188 3870 (9).
1215 3783 1389 3870 alligatus
1412 3782 1450 3849 in
1474 3781 1621 3851 sinistro
1645 3781 1791 3852 brachio
1814 3782 1937 3852 omnia
1959 3781 2125 3850 demonia
2148 3782 2276 3850 vincit.

619 4061 664 4142 (l)
687 4061 723 4123 P.
750 4085 762 4118 ι
786 4078 891 4140 usquo
913 4059 954 4121 ad
976 4057 1305 4140 quartamdecimam
1329 4082 1356 4120 ι.

621 4207 662 4286 (2)
686 4205 722 4266 P.
749 4230 761 4262 ι
787 4204 1021 4284 Gagatromeus
1045 4229 1072 4266 ι.
1094 4241 1136 4252 --
1157 4206 1194 4266 A.
1223 4229 1235 4263 r
1261 4203 1512 4283 Gagatromancs
1537 4227 1565 4266 ι.

620 4350 665 4431 (3)
688 4350 724 4410 Ρ.
748 4368 765 4410 e
787 4349 825 4410 A.
852 4373 864 4406 ι
889 4349 977 4430 capri
998 4349 1146 4434 colori».

621 4495 668 4575 (d)
691 4497 728 4557 P.
752 4515 770 4556 e
792 4496 831 4558 A.
858 4519 871 4552 ι
895 4495 1095 4557 Phoenicibus
1119 4517 1147 4557 ι.

619 4641 659 4719 (5)
683 4640 717 4700 P.
741 4641 793 4701 nel
815 4644 907 4703 testo:
936 4665 948 4698 ι
973 4639 1094 4702 Similis
1115 4638 1282 4720 phoenicio
1305 4617 1432 4712 besano,
1457 4639 1640 4701 subrubeus
1664 4662 1676 4695 r
1697 4661 1706 4711 ;
1729 4639 1815 4700 nella
1835 4643 1921 4702 nota:
1948 4664 1961 4696 ι
1991 4639 2129 4703 Thcnico
2161 4643 2308 4713 bolano;
2341 4642 2426 4705 idest

580 4783 698 4846 dcttilo
721 4785 838 4846 codicis
860 4785 1020 4865 glossema
1043 4808 1070 4846 r.
1092 4818 1133 4829 —
1154 4785 1192 4847 A.
1216 4785 1269 4846 nel
1290 4789 1383 4848 tosto:
1411 4809 1423 4841 ι
1448 4783 1570 4846 Similis
1592 4783 1759 4864 phoenicio
1774 4784 1888 4847 balano
1910 4785 1954 4864 [id
1975 4791 2023 4846 est
2044 4785 2179 4866 dartilop
2197 4787 2379 4849 subrubeus
2398 4810 2428 4862 »ς

582 4931 671 4994 nella
690 4937 775 4995 nota:
803 4956 815 4990 r
838 4933 999 5012 glossema
1019 4931 1052 4993 id
1075 4937 1123 4993 est
1144 4931 1256 4994 dattilo
1276 4931 1446 5013 expulsum
1468 4935 1516 4992 est
1537 4949 1556 4992 a
1577 4930 1665 4992 Pitra
1689 4953 1716 4990 r.

621 5074 667 5154 (6)
691 5076 727 5138 P.
751 5095 770 5136 e
791 5075 830 5136 A.
856 5098 869 5132 ι
893 5073 1051 5136 mirabilis
1072 5074 1165 5154 lapis,
1188 5074 1221 5134 in
1243 5093 1339 5135 manu
1361 5075 1492 5136 sinistra
1513 5079 1655 5154 gestatus
1676 5075 1716 5135 ad
1736 5075 1899 5137 tristitiam
1920 5081 1952 5137 et
1972 5091 2085 5138 causas
2105 5081 2137 5138 st
2158 5079 2316 5140 actionem
2331 5080 2433 5142 utilis

581 5227 631 5285 est
654 5243 681 5282 r.
703 5257 744 5268 -
764 5221 806 5282 Le
826 5219 935 5301 parole
956 5221 995 5280 in
1014 5238 1117 5280 mono
1137 5220 1277 5281 sinistra
1297 5223 1443 5298 postetam
1463 5219 1508 5281 od
1530 5218 1704 5279 tristitiom
1724 5239 1787 5280 non
1800 5219 1988 5299 sileggono
2008 5220 2060 5282 nel
2081 5227 2188 5283 nostro
2213 5222 2338 5284 Codice.

623 5369 667 5448 (7)
691 5369 726 5430 P.
750 5389 768 5429 e
790 5369 828 5431 A.
854 5392 866 5424 ι
891 5387 963 5428 curn
985 5367 1052 5448 ipso
1073 5367 1150 5428 ieris
1175 5391 1202 5428 ι.

623 5515 668 5596 (8)
692 5517 727 5578 Ρ.
752 5534 770 5576 e
791 5513 829 5576 A.
856 5538 869 5570 r
894 5514 1025 5576 timores
1046 5513 1203 5591 majorum
1226 5535 1254 5574 ι.
1282 5565 1291 5580 ,

622 5659 669 5741 (9)
692 5660 731 5721 A.
758 5656 921 5719 «asininis
944 5680 971 5717 ι.
988 5691 1029 5703 -
1049 5656 1085 5717 P.
1108 5657 1168 5716 Nel
1191 5660 1273 5718 testo
1299 5680 1311 5713 ι
1334 5655 1394 5718 Nol
1415 5661 1497 5718 testo
1520 5677 1598 5719 curn
1634 5659 1695 5721 seti
1730 5657 1878 5722 aseminis
1901 5679 1928 5718 r.
1962 5655 2053 5720 Nolis
2083 5662 2180 5720 nota:
2222 5681 2235 5716 ι
2259 5657 2440 5722 Ascminis.

588 5805 638 5867 Ha
659 5805 759 5868 codex
783 5803 968 5884 depravate,
993 5802 1074 5862 forte
1095 5821 1151 5882 pro
1175 5803 1212 5862 in
1231 5821 1310 5864 ocus
1330 5801 1496 5880 foramine
1518 5825 1546 5874 ι,
