5398 7106
1006 538 1406 612 orvuouarrcus
1531 627 1539 642 ,
1602 617 1611 628 ,
2011 539 2080 612 223

277 743 358 791 rum
382 725 553 792 heredum
576 727 646 796 siut
668 732 835 815 potestati
862 733 982 799 omnia
1005 733 1133 800 exinde
1157 733 1358 801 faciendum
1393 735 1430 800 et
1452 732 1691 820 peragendum
1723 731 1875 820 qualiter
1906 731 1971 798 tivi
1993 730 2117 818 tuique

275 876 466 946 heredibus
489 880 679 965 placuerit,
704 885 838 970 absque
863 885 956 952 omni
980 889 1102 953 nostra
1126 890 1399 972 nostrorumque
1425 903 1692 970 successorum,
1719 887 1850 974 absque
1874 885 1984 972 ipsius
2006 883 2121 970 partis

275 1038 390 1106 nostri
414 1041 581 1126 episcopii
606 1041 730 1128 aliqua
753 1043 1009 1111 contrarietate
1032 1045 1090 1142 vel
1114 1042 1358 1130 requisitione.
1385 1041 1430 1107 Et
1452 1061 1517 1126 per
1540 1041 1821 1107 convenientiam
1840 1039 1960 1125 obligo
1984 1056 2039 1104 me
2063 1055 2128 1121 ego

276 1195 420 1260 Amatus
442 1193 499 1260 dei
523 1195 769 1263 misericordia
792 1196 952 1283 pontifex
976 1199 1012 1264 et
1037 1215 1131 1262 meos
1155 1213 1373 1261 successores
1398 1195 1434 1260 et
1447 1195 1586 1278 partem
1609 1191 1721 1278 ipsius
1744 1190 1858 1258 nostri
1874 1192 2039 1278 episcopii
2055 1193 2118 1259 tivi

274 1345 455 1422 theodore,
469 1346 553 1413 dum
578 1366 650 1415 una
674 1351 790 1415 tecum
815 1348 979 1415 adessent
994 1349 1066 1434 ipse
1084 1349 1269 1415 mundoalt
1292 1350 1364 1424 tue,
1382 1366 1521 1433 semper
1540 1345 1729 1414 defendere
1748 1345 1889 1431 integra
1911 1344 2129 1432 suprascrip-

278 1501 351 1564 tam
375 1497 562 1564 ecclesiam
586 1518 666 1566 cum
690 1500 853 1568 omnibus
878 1489 983 1567 rebus
1006 1499 1080 1566 suis
1103 1473 1291 1567 stavilihus
1314 1503 1351 1568 et
1374 1499 1574 1576 movilibus,
1608 1498 1914 1585 quemammodum
1937 1517 2046 1584 supra
2074 1501 2129 1574 ,le-

286 1653 398 1735 ghur,
425 1653 468 1718 ab
488 1653 653 1720 omnibus
676 1654 873 1722 hominibus
897 1658 933 1720 et
955 1655 1129 1739 partibus3
1161 1658 1196 1721 et
1218 1674 1281 1741 per
1305 1654 1589 1721 convenientiam
1615 1649 1786 1738 guadiam
1810 1671 1875 1738 ego
1900 1653 2048 1720 Amatus
2071 1655 2129 1720 do-

276 1805 365 1872 mini
388 1807 505 1888 gratia
529 1806 703 1892 pontifex,
729 1807 812 1874 dum
837 1826 909 1874 una
932 1825 1070 1874 mecum
1094 1807 1231 1874 adesset
1254 1808 1451 1874 madelmus
1476 1809 1596 1874 noster
1620 1807 1835 1882 advocatus,
1861 1805 1937 1872 Tivi
1962 1805 2127 1872 theodoro

267 1957 358 2022 dum
383 1975 456 2024 una
479 1959 597 2024 tecum
623 1957 763 2024 adesset
787 1958 862 2044 ipse
885 1959 1071 2026 mundoalt
1095 1957 1309 2026 radeeisium
1333 1959 1503 2025 clericum
1527 1957 1695 2044 guadiam
1723 1956 1808 2022 dare
1832 1937 1911 2034 feei,
1937 1958 1973 2022 et
1994 1956 2132 2022 fideius-
2237 2009 2239 2018 ,
2307 1945 2310 1953 ’

274 2125 389 2176 sorem
417 2109 481 2176 tivi
505 2129 637 2196 ponere
660 2111 925 2180 landemarium
949 2113 1121 2180 clericum
1144 2113 1259 2181 fllium
1284 2113 1462 2201 quondam
1494 2111 1642 2178 landold
1665 2111 1725 2197 qui
1749 2110 1967 2197 postmodum
2008 2129 2128 2176 mona-

266 2263 362 2328 ·ehus
384 2261 479 2338 fuit,
516 2264 553 2327 et
576 2281 640 2349 per
664 2263 775 2348 ipsam
800 2263 970 2348 guadiam
993 2265 1111 2351 obligo
1137 2285 1192 2332 me
1216 2267 1253 2331 et
1276 2283 1370 2332 meos
1394 2281 1612 2331 successores
1653 2264 1689 2327 et
1713 2264 1851 2347 partem
1876 2260 1985 2346 ipsius
2009 2259 2119 2326 nostri

265 2414 441 2501 episcopii
466 2418 526 2502 ut,
551 2417 580 2483 si
603 2415 697 2483 sieut
719 2419 883 2504 superius
906 2419 1076 2504 scriptum
1101 2421 1182 2504 est,
1222 2437 1288 2503 ego
1312 2418 1350 2484 et
1370 2433 1590 2483 successores
1613 2415 1683 2480 mei
1707 2417 1744 2480 et
1767 2433 1850 2498 pars
1874 2413 1985 2500 ipsius
2009 2411 2118 2479 nostri

272 2567 442 2656 episcopii
466 2568 532 2636 tivi
557 2569 697 2656 tuisque
714 2561 905 2638 heredibus
929 2589 999 2638 non
1016 2571 1328 2657 adimpleverimus
1352 2576 1389 2637 et
1411 2589 1518 2657 super
1543 2570 1788 2656 suprascripta
1811 2568 1868 2635 vel
1886 2587 1931 2634 en
1956 2567 2007 2634 eis
2022 2567 2119 2654 quic-

273 2742 380 2810 quam
405 2741 585 2790 removere
610 2723 679 2790 aud
704 2721 950 2790 contradicere
974 2721 1321 2810 presumpserimus,
1362 2741 1572 2809 componere
1596 2722 1662 2789 tivi
1686 2722 1854 2788 theodore
1891 2724 1928 2787 et
1965 2721 2010 2788 ad
2049 2723 2125 2788 tuos

272 2878 420 2945 heredes
444 2873 543 2944 mille
566 2879 647 2946 auri
671 2879 800 2946 solidos
823 2879 1079 2946 constantinos.
1105 2883 1141 2944 et
1164 2879 1285 2945 taliter
1310 2881 1344 2944 te
1370 2897 1493 2946 ursum
1515 2877 1765 2945 subdiaconum
1793 2879 1829 2943 et
1858 2875 2040 2943 notarium
2064 2876 2125 2962 qui

263 3031 478 3110 interfuisti,
504 3031 659 3098 scrivere
683 3031 837 3118 precepi.

314 3185 341 3274 †
366 3188 440 3270 Ego
464 3185 525 3273 qui
548 3204 658 3270 supra
681 3192 820 3253 amatus
843 3187 1040 3271 episcopus.
1141 3191 1144 3197 “

315 3337 341 3426 †
367 3339 441 3422 Ego
465 3336 527 3423 qui
549 3355 659 3422 supra
683 3337 855 3404 iohannes
880 3336 1001 3404 iudex.

312 3489 342 3579 †
365 3491 439 3575 Ego
464 3489 526 3576 qui
549 3507 660 3574 supra
684 3491 882 3557 madelmus
905 3491 1097 3556 advocator
1121 3509 1176 3556 me
1199 3489 1403 3575 subscripsi.

315 3641 342 3732 †
366 3645 440 3728 Ego
464 3643 897 3724 lohannessubdiaconus
920 3648 957 3710 et
980 3647 1176 3752 notarius..

314 3794 342 3886 †
366 3797 441 3880 Ego
464 3793 625 3861 nicolaus
649 3795 818 3863 diaconus
841 3799 878 3863 et
901 3799 1074 3866 notarius.

311 3947 342 4040 †
366 3951 440 4033 Ego
465 3946 526 4032 qui
549 3964 658 4031 supra
679 3947 877 4017 radeeisius
899 3952 1064 4020 clericus.

1046 4364 1302 4447 MCXCV

1027 4617 1086 4691 A.
1113 4613 1170 4686 D.
1199 4614 1324 4689 1054

314 4850 341 4942 †
366 4855 405 4918 In
429 4848 570 4916 nomine
594 4847 731 4916 domini
756 4845 1001 4913 tertiodecimo
1017 4864 1109 4914 anno
1125 4837 1349 4933 principatus
1372 4846 1501 4914 domni·
1521 4847 1633 4915 nostri
1657 4847 1815 4935 gisulphi
1831 4851 1977 4935 gloriosi
1993 4853 2124 4937 princi·

270 5011 337 5097 pis,
364 5026 483 5075 mense
509 5004 629 5094 aprili,
656 5007 809 5092 septima
834 5005 1040 5073 indictione.
1059 5004 1151 5071 Ante
1174 5025 1230 5071 rue
1255 5009 1418 5073 loannem
1444 5005 1597 5073 iudicem
1621 5005 1727 5072 lando
1750 5003 1868 5072 infans
1903 5008 1998 5075 intra
2022 5009 2118 5074 etate

269 5164 367 5230 filius
390 5161 566 5250 quondam
591 5161 709 5246 petri,
735 5159 818 5226 dum
845 5179 916 5227 una
939 5180 1019 5227 cum
1050 5177 1090 5225 eo
1114 5162 1232 5227 essent
1255 5177 1359 5226 ursus
1382 5159 1564 5236 castaldus
1586 5161 1623 5226 et
1645 5158 1792 5226 ioannes
1815 5161 1984 5228 abuncoli
2007 5145 2117 5247 ipsius

268 5317 412 5396 infanti,
438 5319 506 5384 bac
528 5317 611 5384 filiis
635 5316 810 5402 quondam
834 5315 1038 5383 iohannacii
1062 5315 1224 5388 castaldi,
1243 5335 1329 5404 quos
1345 5334 1410 5400 ego
1426 5313 1549 5382 venire
1565 5315 1644 5392 feci,
1662 5313 1872 5382 coniunctus
1894 5319 1948 5383 est
1963 5335 2042 5384 oum
2066 5316 2119 5382 di-

270 5471 339 5539 siio
362 5472 436 5538 filio
460 5471 637 5558 quondam
662 5469 770 5556 petri,
797 5473 858 5556 qui
884 5469 1155 5556 cognominatus
1178 5473 1232 5536 est
1254 5471 1420 5545 barbutu,
1454 5468 1497 5535 ad
1521 5467 1723 5535 faciendum
1747 5467 1843 5534 inter
1874 5486 1913 5536 se
1946 5470 2050 5536 finem
2074 5469 2117 5536 de

271 5623 552 5702 causationibus,
564 5623 691 5709 quibus
714 5622 789 5709 ipse
814 5621 933 5690 infans
956 5609 1133 5709 cumipse
1157 5621 1258 5689 disiio
1273 5621 1405 5689 dudum
1429 5623 1513 5689 ante
1537 5641 1593 5689 me
1608 5623 1831 5701 causaverat,
1850 5625 1890 5690 ut
1905 5623 1978 5709 ipse
1993 5622 2116 5690 disiius

263 5781 364 5850 malo
387 5779 536 5848 hordine
559 5777 748 5846 introisset
770 5777 807 5846 in
831 5779 938 5847 terra*
953 5796 1031 5848 eum
1058 5796 1142 5846 casa
1165 5777 1275 5865 ipsius
1299 5777 1458 5861 infantis,
1473 5775 1532 5844 ubi
1549 5775 1619 5844 viri
1642 5777 1807 5846 habitant
1820 5777 1918 5846 intra
1942 5799 2003 5846 ane
2025 5779 2111 5846 civi-
