5398 7106
630 515 702 594 918
1261 518 1440 593 COUEX
1484 517 1740 592 cnvnnsls

583 735 667 804 pars
689 717 733 784 de
757 716 824 803 ipsi
847 715 981 784 seniori
1004 716 1075 784 mei
1099 715 1364 808 quinquaginta
1396 715 1476 784 auri
1500 713 1630 782 solidos
1646 713 1952 804 constantinianos
1975 709 2071 778 etde
2093 727 2215 802 eorum
2239 703 2376 773 eredes.
2400 707 2437 770 et

582 871 889 958 quemammodum
913 890 1024 959 supra
1046 855 1182 957 legitur
1205 889 1328 938 eorum
1353 869 1564 956 adimplere.
1589 871 1626 937 et
1649 869 1744 936 inter
1767 868 1902 956 virguli
1925 867 2071 954 legitue:
2111 883 2192 954 pars
2211 889 2219 940 ;
2244 865 2281 930 et
2303 881 2342 929 1n
2365 859 2437 929 alio

584 1027 659 1094 loco
683 1027 830 1110 legitur:
857 1043 934 1110 per3
959 1027 1055 1094 etin
1080 1026 1153 1095 alio
1176 1027 1252 1094 loco
1273 1025 1423 1112 legitur:
1449 1023 1608 1094 missum.
1634 1023 1727 1111 quod
1750 1021 1877 1109 scripsi
1900 1042 1966 1108 ego
1990 1021 2161 1090 iohannes
2184 1022 2316 1088 scriba.

626 1179 654 1270 †
678 1183 751 1267 Ego
774 1180 949 1248 iohannes
971 1180 1132 1249 notarius
1155 1197 1211 1247 me
1234 1177 1441 1264 subscripsi.

1424 1563 1572 1644 MCC

1359 1810 1417 1882 A.
1446 1807 1504 1882 D.
1534 1807 1658 1882 1054

629 2069 656 2162 †
680 2072 719 2136 ln
743 2071 885 2138 nomine
908 2071 1044 2169 domini
1067 2071 1315 2139 tertiodecimo
1340 2091 1434 2140 anno
1459 2072 1684 2160 principatus
1707 2073 1827 2140 domni
1851 2073 1964 2140 nostri
1987 2073 2105 2160 gisultl
2136 2073 2283 2160 gloriosi
2308 2076 2438 2162 prinoi-

583 2193 648 2310 pis‚
676 2243 796 2292 mense
823 2225 962 2312 magius
982 2273 989 2303 ,
1015 2229 1169 2312 septima
1192 2225 1400 2294 indictione.
1429 2229 1514 2294 Cum
1538 2245 1650 2295 essem
1674 2245 1740 2313 ego
1764 2229 1903 2294 amatus
1927 2226 2080 2294 iudicem
2103 2245 2223 2294 coram
2248 2229 2435 2313 presentia

583 2380 818 2466 suprascripti
842 2380 961 2448 domni
987 2380 1099 2448 nostri
1122 2382 1242 2468 gisulfi
1265 2383 1483 2450 serenissimi
1509 2385 1546 2450 et
1561 2383 1649 2450 adeo
1673 2385 1903 2450 conserbatus
1927 2385 2105 2468 princeps,
2138 2384 2222 2450 tuno
2246 2384 2286 2472 In
2309 2383 2431 2452 eadem

582 2537 762 2622 presentia
785 2537 884 2603 venit
906 2537 1056 2605 domnus
1080 2538 1231 2606 alferius
1255 2538 1471 2607 venerabilis
1495 2539 1775 2626 archipresbiter
1798 2541 1835 2606 et
1858 2541 1968 2606 abbas
2003 2537 2153 2606 ecclesia
2176 2539 2293 2606 sancti
2318 2538 2433 2606 maxi-

584 2691 645 2768 mi,
671 2711 739 2779 que
762 2691 832 2759 site
855 2693 910 2758 est
933 2691 1032 2759 intra
1055 2711 1121 2760 auc
1145 2695 1371 2762 salernitana
1394 2694 1554 2772 cibitate,
1571 2699 1609 2762 et
1631 2695 1785 2780 pertinet
1807 2693 2045 2782 suprascripti
2068 2693 2188 2762 domni
2212 2693 2381 2780 prin'cipi,
2399 2701 2436 2762 et

584 2845 629 2914 ad
652 2846 815 2932 germani
838 2847 911 2914 sui.
937 2849 974 2914 et
997 2843 1072 2933 ipse
1097 2847 1247 2914 domnus
1271 2851 1383 2915 abbas
1407 2849 1646 2934 proclamavit
1668 2867 1705 2916 se
1730 2849 1805 2936 pati
1830 2849 2090 2928 necessitatem,
2116 2869 2157 2918 eo
2181 2849 2273 2942 quod
2296 2867 2377 2916 case
2399 2857 2437 2918 ot

580 2969 718 3068 edificia
742 3001 854 3087 ipsius
877 3001 1025 3069 ecclesie
1049 3001 1196 3068 minime
1219 3003 1382 3070 conciate
1405 3007 1441 3070 et
1464 3004 1627 3072 edificate
1650 3005 1760 3082 suut,
1795 3009 1833 3072 et
1855 3005 2024 3092 cupiebat
2047 3024 2111 3092 per
2134 3007 2433 3073 combenientiam

582 3154 668 3222 dare
691 3155 734 3221 de
758 3159 894 3221 terram
918 3157 955 3223 et
977 3175 1058 3224 cnse
1082 3156 1194 3243 ipsius
1217 3158 1380 3234 ecclesie,
1399 3161 1435 3225 et
1458 3158 1588 3226 exinde
1613 3159 1773 3245 recipere
1790 3159 1956 3245 pretium,
1976 3159 2068 3227 unde
2091 3159 2167 3246 ipse
2190 3163 2284 3227 casis
2306 3162 2343 3225 et
2358 3159 2436 3244 ipsa

583 3309 722 3377 edificia
745 3273 910 3378 conoiare
934 3314 972 3378 et
993 3311 1160 3378 edificare
1185 3315 1318 3398 possat.
1345 3315 1389 3379 Et
1412 3311 1526 3401 ipsam
1551 3317 1689 3382 terram
1713 3334 1794 3382 oum
1818 3333 1915 3393 casa,
1942 3315 2034 3403 quod
2058 3315 2134 3403 ipse
2157 3315 2307 3382 domnus
2332 3317 2438 3382 abbas

583 3465 670 3532 dare
693 3465 885 3551 cupiebat,
926 3461 1019 3533 dixit
1042 3484 1117 3534 esse
1140 3467 1238 3534 intus
1261 3485 1301 3533 ec
1324 3465 1420 3534 cibes
1445 3465 1480 3532 in
1504 3468 1604 3554 plaiu
1629 3468 1673 3536 de
1697 3472 1815 3538 monte
1854 3489 2006 3556 asuper
2029 3473 2066 3536 et
2089 3469 2288 3556 propinquo
2325 3468 2436 3554 ipsius

582 3621 731 3688 ecclesie
754 3639 818 3706 per
841 3620 920 3688 fluis
944 3624 981 3687 et
1005 3621 1213 3698 mensurio,
1253 3620 1347 3689 iusto
1371 3621 1497 3708 pedem
1522 3641 1647 3690 manus
1670 3623 1799 3691 ominis
1824 3624 2077 3701 mensuratas3
2114 3625 2263 3709 aparte
2288 3621 2436 3690 meridie

583 3775 651 3844 due
675 3777 734 3844 via
756 3776 869 3863 ipsius
892 3775 1055 3854 ecclesie,
1082 3779 1119 3844 et
1141 3776 1249 3864 pedes
1273 3774 1449 3853 undecim;
1476 3794 1497 3842 a
1521 3778 1624 3861 parte
1647 3759 1796 3844 orientis
1820 3777 1889 3843 line
1912 3777 2075 3863 predicta
2090 3777 2255 3854 ecclesia,
2273 3779 2311 3844 et
2334 3782 2442 3862 pedes

581 3931 746 4018 triginta,
773 3950 795 3998 a
818 3933 921 4018 parte
943 3929 1207 4016 septemtrionis
1231 3930 1397 3998 similiter
1418 3931 1489 3997 flue
1512 3929 1623 4016 ipsius
1646 3929 1809 4009 ecclesie,
1827 3933 1863 3998 et
1886 3932 1992 4018 pedes
2016 3931 2234 4008 tridecim;a
2258 3934 2362 4018 parte
2377 3951 2437 3998 oc-

582 4088 736 4156 cidentis
759 4088 828 4155 tine
852 4085 1013 4172 predicte
1037 4084 1200 4162 ecclesie,
1229 4087 1265 4150 et
1288 4084 1394 4170 pedes
1419 4085 1483 4152 alii
1508 4084 1675 4170 triginta.
1701 4087 1790 4152 Dum
1814 4089 1933 4154 autem
1959 4089 2033 4171 ipse
2056 4085 2205 4152 domnus
2222 4087 2332 4152 abbas
2355 4084 2439 4154 tali-

583 4247 639 4310 ter
663 4243 918 4328 proolamaret,
943 4240 1079 4327 etipse
1103 4240 1252 4307 domnus
1275 4239 1451 4324 gloriosus
1475 4239 1643 4324 princeps
1667 4237 1824 4324 angnobi
1848 4238 1940 4325 quod
1964 4239 2041 4305 eius
2058 4239 2291 4325 proclamatio
2315 4259 2440 4308 veram

582 4418 670 4474 esse,
695 4397 873 4465 solutione
896 4397 930 4462 ei
953 4396 1111 4464 dandum
1135 4395 1226 4462 illud
1250 4395 1389 4470 tribuit,
1416 4401 1452 4460 et
1475 4413 1531 4461 me
1554 4394 1650 4461 inter
1673 4395 1859 4462 esseudum
1884 4393 2055 4481 precepi,
2082 4414 2125 4462 ue
2149 4395 2261 4480 ipsius
2284 4396 2437 4464 ecclesie

582 4554 740 4640 aliquam
765 4551 965 4618 damnietas
988 4551 1160 4627 ebenire;
1188 4550 1377 4618 nobissime
1402 4553 1519 4616 autem
1544 4549 1674 4616 ibidem
1699 4549 1826 4616 aderat
1850 4549 2032 4618 landulfus
2055 4549 2150 4616 filius
2174 4551 2353 4636 quondam
2376 4569 2442 4638 go-

582 4709 676 4784 deni,
695 4712 730 4774 et
753 4711 876 4793 petrus
898 4705 993 4774 tilius
1018 4705 1197 4793 quondam
1222 4704 1456 4780 constantini,
1483 4703 1569 4790 quia
1592 4703 1709 4780 dixit,
1736 4707 1777 4772 ut
1799 4703 1829 4771 si
1852 4705 1929 4790 ipse
1952 4705 2102 4772 domnus
2125 4669 2234 4774 abbas
2259 4725 2323 4792 per
2347 4725 2443 4774 com-

581 4862 797 4930 benieutiam
820 4861 957 4930 dederit
979 4862 1031 4929 eis
1054 4861 1133 4948 ipsa
1156 4865 1257 4929 terra
1280 4879 1361 4927 cum
1384 4877 1468 4926 casa
1492 4878 1556 4944 per
1578 4859 1824 4946 suprascripte
1846 4860 1926 4927 llnis
1960 4863 1997 4926 et
2020 4861 2227 4936 mensurie‚
2267 4861 2371 4928 daret
2394 4862 2433 4928 ei

583 5016 826 5106 quadraginta
849 5016 920 5084 tari
944 5017 1026 5084 auri
1050 5016 1145 5084 boni.
1172 5017 1249 5102 Ipse
1271 5016 1422 5084 domnus
1447 5019 1558 5085 abbas
1583 5014 1673 5082 talia
1696 5014 1909 5090 audientes,
1942 5034 2023 5082 cum
2047 5017 2178 5102 gaudio
2203 5015 2291 5084 illud
2316 5021 2439 5086 lacere

583 5175 760 5261 cupiebat,
786 5173 872 5260 quia
895 5173 1036 5241 dicebat
1058 5172 1135 5259 ipse
1158 5172 1309 5240 domnus
1332 5173 1467 5248 abbas,
1509 5173 1550 5238 ut
1574 5171 1693 5238 nullus
1716 5189 1795 5237 omo
1820 5171 1958 5238 bolebat
1986 5173 2127 5239 tantum
2161 5173 2317 5258 pretium
2353 5173 2442 5242 iude

584 5327 700 5396 daret.
727 5347 795 5414 quo
818 5327 871 5394 ita
894 5323 1043 5402 sactum,
1069 5325 1163 5394 sicut
1186 5326 1299 5412 ipsius
1323 5325 1443 5394 domni
1467 5325 1589 5394 abbati
1614 5345 1812 5411 congruum
1838 5325 1918 5402 luit,
1945 5329 2120 5394 bonasus
2145 5328 2346 5404 boluutate‚
2372 5346 2446 5415 per

584 5501 652 5550 ano
675 5482 830 5558 cartula,
857 5498 1033 5548 unacum
1056 5499 1137 5548 eum
1162 5479 1299 5547 adesset
1322 5479 1572 5547 adbocatorem
1596 5477 1708 5564 ipsius
1731 5478 1893 5554 ecclesie,
1911 5480 1948 5545 et
1970 5477 2101 5566 ibidem
2128 5480 2222 5548 inter
2245 5479 2441 5549 essandum

583 5633 776 5722 subscripti
799 5635 935 5703 idoneis
958 5634 1119 5712 omines,
1156 5653 1220 5722 per
1243 5631 1541 5704 combenientiam
1565 5632 1640 5719 ipse
1663 5634 1813 5700 domnus
1836 5635 1946 5701 abbas
1970 5631 2121 5700 tradidit
2158 5633 2315 5719 ipsorum
2351 5637 2443 5704 len·

584 5790 665 5860 dolfl
690 5795 726 5896 et
749 5789 842 5878 petri
866 5789 994 5860 inclita
1008 5789 1256 5876 suprascripta
1273 5791 1373 5856 terra
1388 5807 1469 5855 cum
1485 5806 1581 5865 casa,
1607 5807 1676 5876 que
1698 5789 1753 5855 est
1776 5787 1921 5874 lignitia
1936 5790 2096 5857 solarats
2112 5808 2177 5876 per
2192 5789 2446 5876 suprascripte
