5452 7108
1000 501 1443 580 ‘bretonarlcbs
2062 507 2110 582 53

297 707 433 796 ·quinto
459 702 489 788 ἱ)
511 723 606 772 anno
629 703 770 791 princes
793 706 829 770 et
852 701 925 770 dux
948 701 1068 770 domni
1090 701 1205 788 gisolfi
1228 701 1354 770 eximii
1378 701 1536 790 principi
1560 705 1597 770 ot
1611 701 1693 770 duci
1717 702 1794 770 eius
1809 701 1915 781 illius,
1933 705 1969 770 et
1992 702 2116 790 quinto
2134 707 2163 784 ¹)

302 879 403 930 anno
426 859 497 928 orit
519 859 647 927 ducatu
683 858 826 926 illorum
861 855 984 944 apulia
1006 859 1042 923 et
1065 855 1253 936 calabria,
1279 876 1399 926 mense
1424 861 1598 945 agustus,
1623 857 1873 926 tertiadecima
1895 857 1926 942 ⁸)
1949 855 2157 925 indictione.
2183 827 2186 832 A

309 1015 460 1104 Ideoque
483 1033 548 1102 ego
571 1015 695 1082 sasano
718 1013 792 1082 nlio
815 1013 990 1100 quoddam
1014 1013 1069 1080 leo
1092 1009 1282 1080 clarefecio
1306 1033 1363 1080 me
1386 1013 1520 1080 habere
1543 1011 1737 1081 sortionem
1762 1012 1805 1082 de
1829 1015 1936 1080 rebus
1958 1011 2002 1079 de
2025 1029 2165 1080 conces

307 1168 409 1238 sione
431 1167 475 1236 de
498 1167 696 1256 persicitu,
733 1169 769 1234 et
791 1185 986 1252 congruum
1010 1165 1099 1234 mihi
1122 1169 1177 1234 est
1199 1166 1418 1234 benumdare
1441 1168 1518 1234 tota
1540 1167 1619 1253 ipsa
1642 1165 1836 1234 sortionem
1859 1165 1903 1232 de
1927 1165 2005 1252 ipsa
2027 1181 2167 1232 conces-

305 1321 410 1388 sione
432 1321 476 1388 de
499 1321 669 1408 persicitu
699 1322 764 1388 hat
787 1321 923 1388 andrea
946 1320 1092 1388 habbati
1116 1321 1286 1388 bocabulo
1309 1319 1426 1386 sancti
1454 1317 1606 1404 magni,
1647 1316 1739 1406 quod
1762 1319 1840 1404 ipsa
1873 1316 2065 1386 sortionem
2088 1336 2167 1384 mea

309 1479 518 1564 comparata
541 1477 642 1544 illam
666 1476 791 1544 habuit
814 1476 860 1543 da
883 1475 1054 1542 musaodo
1076 1473 1148 1542 filio
1173 1471 1347 1548 maranci,
1373 1475 1409 1538 et
1435 1469 1533 1538 siout
1555 1471 1644 1540 mihi
1669 1469 1838 1538 iamdicto
1862 1470 1986 1539 lasano
2009 1471 2063 1536 est
2085 1489 2166 1537 con-

310 1651 442 1716 gruum
467 1635 552 1700 ante
575 1630 720 1716 ydoneis
742 1629 933 1717 subscripti
956 1628 1157 1696 hominibus
1180 1646 1244 1713 per
1267 1628 1361 1696 hanc
1384 1627 1524 1694 cartam
1548 1628 1778 1696 benumdedit
1814 1631 1922 1716 atque
1945 1628 2083 1698 remisit
2103 1629 2167 1697 tivi

310 1786 471 1872 prelatus
494 1785 626 1852 andrea
649 1787 785 1852 habbas
809 1787 885 1852 tota
908 1788 945 1852 et
966 1783 1093 1853 inclita
1116 1784 1194 1871 ipsa
1216 1781 1372 1851 sortione
1398 1803 1492 1860 mea,
1512 1783 1604 1870 quod
1627 1781 1716 1850 mihi
1739 1789 1921 1869 pertinens
1943 1785 1998 1849 est
2020 1782 2066 1850 da
2089 1783 2166 1870 ipsa

304 1937 493 2027 paratione
516 1939 559 2006 de
582 1937 751 2026 persioitu
776 1941 820 2007 de
843 1939 961 2017 terris,
985 1940 1021 2006 et
1043 1938 1155 2016 silbis‚
1181 1941 1217 2004 et
1240 1937 1366 2026 pratis,
1397 1937 1552 2026 pascuis
1577 1939 1615 2004 et
1639 1937 1770 2026 aquis,
1795 1940 1833 2005 et
1855 1937 1947 2015 finis,
1973 1939 2010 2004 et
2024 1936 2099 2032 piis
2120 1937 2164 2006 de

306 2093 430 2160 omnia
455 2093 499 2160 de
522 2094 599 2180 ipsa
623 2097 727 2162 rebus
750 2093 838 2162 mihi
862 2095 1112 2181 pertinentem,
1137 2095 1174 2159 et
1195 2091 1318 2160 omnia
1340 2091 1441 2160 intus
1465 2090 1545 2179 ipsa
1574 2094 1680 2159 rebus
1706 2093 1908 2168 habentem,
1925 2089 1971 2158 ad
1993 2092 2167 2160 securiter

300 2249 341 2314 et
362 2247 514 2314 firmiter
537 2247 661 2315 amodo
684 2251 874 2334 etsemper
897 2250 935 2316 tu
960 2245 1083 2334 tuique
1099 2245 1363 2334 posterioribus,
1388 2248 1425 2312 et
1441 2264 1526 2333 pars
1549 2243 1660 2333 ipsius
1680 2244 1887 2314 monasterii
1914 2245 2029 2314 hillud
2057 2247 2164 2315 aben-

299 2397 410 2474 dum,
436 2399 702 2478 dominandum,
728 2398 988 2487 possidendum,
1014 2404 1050 2467 et
1071 2403 1192 2466 omnia
1207 2399 1290 2467 inde
1313 2401 1515 2469 laciendum
1540 2401 1632 2488 quod
1656 2397 1852 2476 bolueritis,
1877 2402 1914 2466 et
1935 2419 2000 2487 pro
2021 2400 2161 2468 firmam

307 2555 545 2623 stabilitatem
568 2555 704 2644 recepit
727 2575 749 2622 a
771 2557 807 2620 te
830 2555 901 2623 tari
925 2554 1045 2622 decem
1069 2555 1107 2622 iu
1129 2555 1226 2624 omni
1248 2555 1434 2634 finitione,
1470 2557 1564 2624 sicut
1587 2557 1682 2623 inter
1704 2575 1767 2623 nos
1790 2554 1902 2623 stetit.
1935 2556 1982 2622 De
2006 2574 2077 2642 qua
2100 2573 2163 2641 per

304 2710 557 2778 convenientia
580 2729 645 2796 ego
668 2711 850 2798 predictus
873 2712 996 2779 iasano
1018 2710 1153 2797 guadio
1175 2711 1241 2778 tivi
1264 2710 1443 2797 predictus
1473 2710 1628 2779 andreas
1651 2713 1760 2778 abbas
1786 2712 1823 2776 et
1845 2709 2076 2777 mediatorem
2100 2705 2165 2776 tivi

303 2863 423 2950 posuit
446 2863 564 2931 nicola
587 2863 681 2931 illius
704 2863 880 2950 quoddam
904 2865 999 2931 mule
1021 2861 1219 2951 presbiter,
1256 2863 1319 2950 qui
1341 2865 1396 2931 est
1419 2864 1582 2932 abitante
1607 2863 1649 2932 de
1673 2865 1749 2930 loco
1773 2863 2007 2942 huminiano,
2040 2867 2077 2933 et
2099 2883 2163 2951 per

312 3015 425 3104 ipsam
449 3018 618 3104 guadiam
641 3018 762 3105 obligo
785 3039 841 3086 mo
864 3019 1054 3087 iamdictus
1077 3021 1202 3088 fasano
1225 3020 1262 3086 et
1284 3019 1372 3087 meis
1395 3019 1597 3096 heredibus,
1612 3019 1736 3086 amodo
1759 3021 1795 3084 et
1817 3037 1956 3106 semper
1978 3019 2164 3088 defensan-

305 3167 389 3236 dum
413 3168 478 3236 tivi
501 3170 704 3238 nominatus
728 3171 880 3240 andreas
904 3174 1013 3240 abbas
1035 3173 1072 3239 et
1094 3175 1133 3239 at
1155 3174 1226 3240 tuis
1249 3173 1503 3260 posterioribus
1535 3177 1665 3242 cuncta
1687 3175 1931 3261 suprascripta
1956 3177 2077 3243 nostra
2100 3178 2157 3244 be-

308 3323 548 3392 numdatione
572 3325 618 3393 da
629 3343 750 3393 omnes
766 3309 900 3394 omines
923 3329 969 3396 ab
984 3327 1150 3414 omnique
1172 3326 1344 3415 partibus,
1363 3327 1473 3396 etiam
1497 3331 1534 3395 et
1555 3329 1602 3396 da
1625 3347 1708 3414 pars
1724 3328 1829 3396 uxori
1845 3347 1936 3396 moa.
1963 3331 2007 3396 Et
2022 3329 2163 3416 quando

313 3495 378 3562 per
400 3478 462 3544 bos
484 3477 579 3565 ipsos
602 3475 787 3548 bolueritis
811 3477 891 3548 inde
914 3481 1099 3550 bolueritis
1121 3499 1197 3550 esse
1221 3485 1391 3560 autores,
1429 3480 1587 3568 qualiter
1613 3477 1798 3550 bolueritis
1832 3502 1912 3550 cum
1935 3483 2031 3552 omni
2054 3483 2166 3551 moni·

288 3667 292 3676 ·
309 3631 360 3700 mi
371 3649 415 3752 ne
439 3633 476 3698 et
498 3632 648 3710 ratione,
676 3651 764 3720 quas
787 3633 870 3700 inde
893 3634 1102 3702 habueritis.
1120 3635 1210 3713 Quot
1231 3635 1262 3703 si
1286 3635 1408 3703 taliter
1424 3639 1492 3703 etc.
1510 3637 1656 3704 statuta
1671 3637 1806 3704 mulcta
1821 3637 1951 3721 uiginti
1965 3637 2162 3704 solidomm

305 3789 719 3854 constantiniensem.
757 3791 793 3855 et
814 3789 938 3856 taliter
959 3789 1115 3858 seribere
1137 3790 1398 3877 rogabimuste
1422 3793 1544 3877 petrus
1566 3790 1801 3860 subdiaconus
1822 3793 1860 3858 et
1882 3790 2061 3860 notarius.'
2079 3793 2164 3860 hac-

303 3943 375 4006 tum
400 3935 580 4008 cilentum.

347 4090 376 4184 †
405 4093 551 4180 Signum
574 4114 719 4164 manum
741 4115 866 4165 mauro
888 4097 959 4166 filio
982 4098 1189 4188 grisilaite„

347 4245 375 4338 †
401 4251 549 4338 Signum
573 4269 721 4319 manum
745 4252 859 4321 nicola
881 4253 953 4321 lilio
975 4255 1128 4342 guisoni.

1056 4670 1401 4752 MLXXXIX

1082 4951 1142 5027 A.
1169 4949 1226 5026 D.
1255 4951 1379 5027 1047

345 5125 374 5216 †
399 5129 440 5196 ln
463 5124 607 5193 nomine
632 5123 766 5192 domini
790 5121 969 5191 tricesimo
992 5139 1086 5190 anno
1109 5118 1332 5208 principatus
1355 5117 1477 5188 domni
1501 5117 1614 5188 nostri
1636 5117 1830 5204 guaimarii
1861 5115 2008 5222 gloriosi
2029 5115 2161 5204 princi-

302 5281 381 5370 pis,
401 5282 446 5347 Et
470 5299 564 5347 nono
587 5297 684 5347 anno
708 5265 855 5346 ducatus
878 5277 955 5344 eius
978 5275 1116 5344 amalfis
1139 5275 1175 5340 et
1197 5272 1369 5350 sirrenti,
1396 5275 1441 5340 Et
1463 5275 1561 5340 sexto
1585 5289 1677 5339 armo
1701 5269 1917 5358 principatus
1950 5274 1988 5338 et
2009 5267 2162 5360 ipsorum

350 5527 375 5602 ¹)
396 5527 501 5590 Sexta

282 5675 290 5686 '
344 5674 369 5746 ²)
391 5675 497 5756 Lege:
522 5671 632 5737 Sexto.

298 5813 301 5820 ’
344 5823 371 5901 ⁸)
391 5823 496 5886 Indic.
517 5821 587 5884 XV.
