5452 7108
610 489 653 580 ,⁸2
1230 485 1404 560 cooltx
1438 481 1697 568 utvsusts

561 685 644 754 illis
667 688 704 752 et
726 683 871 750 illorum
895 680 1060 748 eredilrus
1083 680 1121 746 in
1145 699 1230 768 pars
1244 679 1411 768 ‚predicte
1435 681 1581 750 ecclesie
1605 681 1770 748 inclitum
1794 679 1909 767 ipsum
1932 680 2102 748 molinum
2137 681 2338 750 conciatum
2363 684 2422 750 bo-

561 858 673 916 num,
698 837 805 904 sicuti
827 838 912 903 sunt
934 835 1009 903 alia
1032 835 1186 910 molina,
1213 835 1274 922 qui
1299 837 1384 904 sunt
1406 835 1456 904 ibi
1480 834 1599 904 vicina
1617 883 1627 914 ‚,
1658 811 1704 903 ei*
1718 835 1881 904 conciata
1904 835 2028 904 taliter
2052 836 2142 904 illud
2165 811 2349 921 assignent
2372 835 2418 904 ad

559 1011 643 1080 pars
666 991 824 1079 predicte
847 989 1007 1066 ecclesie,
1033 1009 1114 1057 cum
1137 991 1231 1056 mole
1255 993 1292 1055 et
1315 987 1512 1056 ferraturia
1535 1007 1612 1064 sua,
1639 992 1779 1057 etcum
1802 989 1898 1058 sedio
1922 991 1958 1056 at
1981 989 2165 1072 arcaturia
2187 1008 2256 1058 sua
2279 993 2315 1058 et
2338 1009 2418 1058 cum

555 1146 652 1214 omni
675 1165 740 1212 sua
764 1145 995 1232 pertinentia,
1022 1143 1068 1210 ud
1093 1146 1182 1211 bene
1206 1147 1324 1230 possat
1347 1162 1548 1220 macenare,
1568 1147 1604 1210 et
1627 1144 1701 1212 illis
1724 1147 1761 1212 et
1785 1144 1929 1213 illorum
1952 1144 2089 1233 eredeS,
2115 1148 2151 1214 et
2173 1145 2333 1214 homines
2350 1145 2412 1233 qui

559 1299 613 1368 ibi
636 1300 813 1376 miserint,
838 1299 948 1367 liceat
972 1299 1054 1367 inde
1079 1301 1181 1366 exire
1204 1319 1285 1366 cum
1308 1299 1404 1367 omni
1428 1281 1537 1366 eausa
1563 1318 1688 1366 eorum
1715 1297 1872 1377 mobilia,
1898 1298 1991 1386 quod
2015 1298 2147 1366 iustum
2171 1299 2291 1376 suerit,
2310 1302 2346 1367 et
2368 1300 2422 1368 ire

560 1456 624 1526 ubi
648 1455 840 1524 boluerint.
868 1457 912 1521 Et
935 1473 1002 1540 ego
1026 1453 1107 1522 dedi
1131 1453 1232 1520 modo
1256 1472 1378 1520 eorum
1401 1451 1621 1522 adiutorium
1646 1473 1711 1540 pro
1734 1449 1971 1520 conciandum
1995 1452 2109 1540 ipsum
2139 1455 2310 1522 molinum
2334 1461 2422 1542 qua-

560 1610 733 1698 draginta
756 1610 837 1678 auri
861 1613 1009 1677 tarenos
1034 1612 1070 1675 et
1086 1609 1240 1676 modium
1267 1627 1376 1676 unum
1400 1608 1443 1675 de
1459 1627 1574 1693 grano
1598 1609 1635 1674 et
1657 1607 1812 1674 medium
1836 1606 2026 1674 modiolum
2042 1606 2086 1674 de
2102 1607 2194 1677 tabe.
2208 1610 2245 1674 et
2267 1607 2421 1676 medium

561 1765 708 1834 assunia
734 1763 762 1848 ¹)
786 1768 822 1832 et
845 1763 912 1832 due
936 1765 1051 1830 salme
1074 1763 1118 1830 de
1141 1762 1263 1830 vinum
1288 1765 1324 1830 et
1346 1782 1456 1830 unum
1480 1769 1635 1850 pocuru,
1661 1763 1698 1829 et
1720 1762 1812 1830 suste
1834 1761 1878 1830 de
1901 1763 2036 1832 ferrum
2059 1765 2096 1830 et
2120 1781 2191 1830 una
2216 1765 2412 1834 securiccla

562 1924 599 1987 et
622 1919 744 1987 anella
767 1921 853 1986 tres.
880 1917 979 2004 Upde
1003 1917 1041 1984 in
1065 1937 1107 1986 eo
1132 1915 1250 1986 tinore
1272 1937 1337 2005 per
1360 1917 1648 1986 convenientiam
1682 1917 1852 2004 guadiam
1882 1917 2058 1996 dederunt
2090 1916 2159 2004 ipsi
2181 1919 2419 2004 prenominati

563 2072 769 2141 benedictus
792 2074 829 2138 et
852 2071 935 2148 lec,
961 2072 998 2137 ct
1021 2070 1264 2138 fideiussorem
1288 2071 1377 2138 mihi
1400 2073 1595 2157 posuerunt
1618 2071 1790 2138 iohannes
1813 2069 1911 2138 tilius
1934 2069 2113 2160 quondam
2136 2071 2328 2151 iohannis,
2359 2073 2421 2161 qui

562 2225 678 2293 dictus
701 2227 755 2292 est
777 2224 921 2310 granito
944 2273 952 2302 ‚
992 2227 1029 2290 et
1057 2210 1121 2310 per
1147 2224 1263 2310 ipsam
1287 2223 1457 2309 guadiam
1480 2225 1734 2312 obligaberunt
1756 2245 1793 2293 ss
1816 2225 1902 2312 ipsis
1924 2225 2129 2294 benedictus
2151 2230 2187 2296 et
2208 2228 2263 2293 leo
2285 2229 2322 2294 et
2344 2227 2421 2296 illo·

563 2397 643 2446 rum
667 2379 801 2456 eredes,
828 2377 874 2446 ud
898 2377 928 2446 si
953 2379 1078 2444 omnia
1101 2378 1311 2465 supradicta
1334 2397 1406 2446 non
1429 2379 1706 2466 adimpleberint
1728 2379 1767 2447 in
1789 2397 1874 2466 pars
1896 2379 2099 2467 supradicte
2121 2380 2355 2458 ecclesiane]
2378 2383 2421 2448 de

561 2536 816 2622 suprascriptis
839 2535 1142 2614 contradixerint,
1160 2553 1225 2622 per
1247 2534 1367 2623 ipsam
1391 2535 1562 2622 guadiam
1585 2537 1838 2622 obligaberunt
1859 2556 1897 2604 se
1920 2535 2006 2623 ipsis
2030 2537 2234 2605 benedictus
2256 2541 2293 2607 et
2315 2540 2370 2606 leo
2384 2543 2421 2606 et

563 2689 713 2756 illorum
737 2690 902 2758 eredibus
926 2707 1136 2776 componere
1159 2688 1199 2756 in
1222 2707 1307 2775 pars
1329 2687 1442 2776 ipsius
1464 2690 1614 2757 ecclesie
1636 2741 1792 2757 ......
1818 2689 1899 2758 auri
1923 2689 2052 2759 solidos
2074 2689 2329 2758 constantines.
2353 2691 2424 2758 Ve-

562 2847 754 2912 runtamen
778 2847 843 2914 hoc
867 2865 1114 2923 memoramus,
1130 2845 1177 2912 ud
1199 2844 1230 2914 si
1254 2842 1369 2932 ipsum
1392 2846 1564 2913 molinum
1589 2845 1685 2912 intra
1709 2845 1777 2932 ipsi
1800 2863 1864 2913 sex
1888 2845 1975 2914 anni
1998 2865 2069 2914 non
2099 2845 2343 2914 macenaucrit
2357 2865 2420 2934 pro

563 3001 713 3067 ructura
740 3051 868 3068 .....
894 2999 937 3068 de
962 2999 1037 3086 ipso
1061 2999 1180 3100 dubio,
1206 2999 1275 3066 aud
1300 3019 1364 3086 pro
1387 3003 1494 3086 gente
1518 2998 1675 3088 puplica,
1691 2999 1904 3088 imputemus
1926 3018 1990 3067 nos
2013 2999 2056 3066 de
2079 2997 2161 3085 ipso'
2177 3017 2304 3084 grano,
2329 3000 2421 3087 quod

569 3151 673 3219 nobis
696 3152 783 3220 dare
807 3151 911 3222 debet
933 3153 1030 3220 intra
1054 3153 1175 3240 ipsum
1200 3171 1361 3230 aunum,
1386 3153 1479 3220 sicut
1503 3152 1636 3220 iustum
1660 3152 1794 3230 tuerit3
1826 3155 1863 3219 et
1885 3153 1933 3220 ad
1965 3152 2228 3240 pignerandum
2249 3153 2423 3239 obligarit

562 3303 721 3392 seipsum
744 3299 984 3374 fideiussorem
1010 3307 1046 3372 et
1068 3323 1151 3372 suos
1180 3306 1316 3384 eredes,
1345 3306 1376 3374 si
1399 3307 1438 3373 in
1459 3325 1544 3394 pars
1567 3306 1678 3393 ipsius
1700 3305 1848 3375 ecclesie
1869 3323 1991 3374 omnes
2014 3309 2119 3376 rebus
2142 3310 2179 3375 et
2200 3327 2327 3376 causas
2341 3325 2422 3376 suas

507 3547 514 3558 .
570 3457 733 3544 legitime
756 3462 793 3525 et
816 3459 1016 3546 inlegitime
1036 3510 1192 3527 ......
1212 3459 1466 3547 obligauerunt
1490 3479 1527 3529 se
1550 3461 1618 3550 ipsi
1644 3459 1850 3529 benedictus
1873 3464 1910 3528 et
1932 3462 1987 3529 leo
2010 3464 2047 3528 et
2068 3462 2217 3530 illorum
2240 3461 2376 3540 credes,
2389 3463 2421 3530 si

567 3614 612 3682 ad
636 3614 750 3701 ipsum
774 3613 1018 3682 fideiussorem
1043 3615 1152 3683 etiarn
1177 3617 1338 3704 personis
1361 3636 1484 3685 eorum
1506 3619 1783 3707 componendum
1797 3621 1834 3686 et
1847 3617 2133 3707 distringendum
2156 3616 2413 3707 usquead...

550 3767 702 3854 vvirguli
726 3769 816 3855 legit
839 3768 937 3847 anni,
964 3772 1002 3837 et
1028 3789 1093 3858 per
1116 3789 1240 3838 omnes
1262 3790 1400 3840 menses
1424 3789 1535 3859 usque
1559 3771 1604 3839 ad
1627 3771 1696 3860 ipsi
1718 3771 1805 3840 anni
1828 3772 1994 3860 completi
2008 3776 2196 3842 macerent
2217 3774 2257 3844 in
2278 3794 2364 3864 pars
2378 3776 2421 3844 de

564 3914 642 4002 ipsa
665 3917 817 3986 ecclesia
841 3919 1019 4006 quadtuor
1042 3921 1160 3989 modia
1182 3921 1226 3988 de
1248 3941 1402 4008 granum
1429 3897 1474 3990 ad
1497 3923 1788 4010 suprascriptum
1811 3925 1984 4004 modium,
2008 3925 2085 3994 sine
2108 3927 2231 4014 aliqua
2251 3929 2423 3998 molitura

563 4085 628 4154 per
649 4073 856 4163 supradicta
871 4073 1005 4161 guadia
1030 4076 1067 4142 et
1081 4072 1242 4161 obligata
1257 4093 1362 4162 pena.
1377 4078 1414 4142 et
1435 4075 1568 4143 taliter
1583 4075 1739 4145 scribere
1756 4078 1960 4164 rogavimus
1972 4081 2008 4148 ta
2023 4079 2213 4150 iohannem
2229 4083 2421 4151 notarium.

607 4229 636 4322 †
660 4233 734 4318 Ego
758 4231 820 4318 qui
842 4249 952 4318 supra
976 4227 1179 4298 ademarius
1201 4227 1323 4296 iudex.

1294 4651 1690 4762 Muxxxvru

1347 4893 1411 4977 A:
1436 4898 1493 4976 o.
1522 4899 1647 4975 1047

616 5163 644 5255 †
669 5165 708 5232 ln
731 5143 873 5232 nomine
898 5163 1034 5232 domini
1058 5164 1224 5234 bicesimo
1248 5185 1341 5234 nono
1364 5167 1485 5234 hanno
1508 5167 1730 5255 principatus
1753 5170 1888 5239 salerni
1910 5171 2029 5239 domni
2052 5172 2164 5240 nostri
2180 5161 2373 5260 guaimari,
2387 5177 2424 5240 et

568 5339 661 5388 nono
686 5339 779 5388 anno
802 5319 1025 5408 principatus
1049 5319 1125 5387 eius
1149 5339 1273 5407 capue,
1299 5323 1336 5388 et
1357 5323 1482 5388 octabo
1506 5323 1537 5404 ¹)
1563 5321 1687 5390 hanno
1710 5321 1861 5391 ducatus
1883 5322 1960 5392 eius
1983 5325 2104 5393 amalfi
2127 5326 2164 5391 et
2186 5324 2364 5401 surrenti,
2389 5329 2426 5392 et

601 5634 631 5714 ἵ)
660 5635 814 5703 domnio,
840 5653 898 5713 pro
923 5633 1068 5706 amunia,
1094 5633 1221 5694 axontia
1244 5631 1394 5711 axungia,
1418 5637 1454 5692 ut
1476 5633 1508 5694 iu
1534 5635 1583 5697 Du
1606 5631 1776 5712 Gange-
1792 5631 1865 5694 tul.
1887 5648 2003 5716 mna.

609 5782 633 5860 ¹)
655 5783 764 5846 Potius
786 5801 883 5848 nouo.
