5454 7104
622 425 691 499 lut
1275 423 1451 498 uobux
1481 425 1739 498 GAVENSIS

568 621 670 690 dibus
693 622 861 688 abeamus
884 617 959 705 ipse
983 618 1052 686 due
1074 619 1208 705 partes,
1223 621 1260 686 et
1283 621 1446 688 defenset
1468 620 1558 687 illud
1583 620 1681 688 nobis
1705 621 1779 708 ipso
1803 621 1944 697 abbate,
1963 621 1999 686 et
2022 620 2097 686 eius
2120 630 2349 698 successores,
2367 624 2404 688 et

567 795 651 863 pars
674 775 790 862 ipsum
815 773 1043 852 monasterio,
1060 776 1097 842 et
1120 774 1166 842 ad
1191 777 1326 845 nostris
1350 776 1541 845 heredibus
1564 796 1645 844 cum
1668 776 1818 846 introitu
1842 779 1878 844 et
1901 775 2002 846 exitu
2025 780 2062 844 et
2077 797 2159 844 cum
2182 777 2259 844 vice
2283 778 2327 845 de
2352 779 2421 848 viis

568 930 611 997 de
634 929 747 996 omnis
771 947 906 996 umana
929 947 1100 1016 persona.
1127 931 1243 1008 Nam,
1268 930 1299 998 si
1323 949 1386 998 nos
1410 931 1467 997 vel
1493 915 1634 999 nostros
1655 932 1803 1000 heredes
1827 932 1910 1000 inde
1932 931 2033 999 exire
2058 930 2446 1008 uoluerimus,1icen-·

567 1083 656 1152 tiam
680 1084 849 1150 abeamus
873 1083 1072 1150 cumomni
1099 1085 1221 1150 nostra
1245 1081 1393 1150 mobilia
1416 1085 1453 1151 et
1469 1087 1610 1170 periere
1634 1084 1721 1152 hubi
1745 1085 1974 1152 boluerimus:
1993 1087 2029 1151 et
2051 1083 2082 1150 ei
2107 1103 2217 1171 usque
2234 1087 2307 1151 tres
2325 1085 2417 1151 anni

566 1240 698 1306 iterum
722 1235 858 1304 rebersi
881 1237 1066 1316 fuerimus,
1092 1238 1223 1304 iterum
1247 1237 1323 1323 ipse
1347 1238 1518 1315 clusurie,
1535 1240 1630 1306 sicut
1652 1239 1995 1314 illeinbenerimus,
2014 1237 2139 1306 taliter
2163 1238 2419 1322 recolligamus

561 1399 601 1466 in
622 1399 829 1486 supradicta
852 1398 993 1466 ratione
1018 1399 1109 1466 illud
1133 1399 1350 1466 habendum.
1391 1397 1489 1477 Quod
1519 1399 1550 1465 si
1574 1399 1698 1465 taliter
1721 1400 1789 1463 etc:
1831 1398 2000 1480 Sequitur
2029 1391 2195 1479 scrivanio
2228 1395 2414 1470 consnctn,

564 1554 662 1621 aare
677 1553 820 1638 quanm
843 1557 877 1619 et
897 1553 1013 1640 posito
1036 1555 1245 1638 fideiussore
1268 1554 1440 1621 anddo
1463 1554 1538 1638 stlte
1561 1554 1743 1636 qnondam
1759 1553 1945 1620 lobannis.
1978 1553 2124 1620 Stntntn
2140 1553 2191 1616 cst
2208 1552 2341 1618 rnnlctn
2371 1551 2422 1615 oi·

569 1708 663 1791 pintt
677 1709 765 1774 anri
779 1709 977 1774 solidorum
997 1709 1238 1776 Constantini.
1265 1709 1309 1774 ut
1333 1708 1450 1775 frudla
1474 1708 1516 1774 de
1532 1707 1607 1793 ipso
1631 1709 1733 1774 horto
1750 1707 1868 1773 nostre
1891 1704 1965 1771 sint
1978 1703 2158 1788 potestati;
2178 1706 2214 1770 et
2229 1703 2291 1790 qui
2306 1722 2419 1789 supra

568 1857 704 1941 legitur
727 1856 770 1924 de
794 1857 869 1944 ipso
893 1858 1089 1926 mediatore
1111 1862 1164 1926 est
1186 1859 1392 1926 fideiussore
1417 1859 1563 1926 iohanni
1585 1858 1658 1924 tilio
1682 1858 1776 1944 petri
1800 1857 2026 1924 musuriccla.
2052 1859 2097 1923 Et
2119 1856 2247 1923 taliter
2271 1857 2423 1928 scribsit

477 1995 484 2010 ’
569 2013 664 2078 hunc
689 2013 829 2080 brebem
853 2031 919 2098 ego
944 2012 1072 2080 landus
1095 2009 1268 2098 presbiter
1293 2016 1329 2080 et
1352 2013 1527 2090 notarium
1553 2015 1673 2080 actum
1697 2011 1828 2078 cilento
1851 2011 1887 2076 et
1911 2009 2071 2078 interlui.

1290 2397 1685 2482 MCXXXVIII

1339 2711 1385 2788 A
1415 2709 1471 2784 D.
1500 2711 1627 2812 1050

537 3069 540 3074 ¹
613 2973 663 3036 Dc
686 2972 810 3038 endem
834 2971 1022 3048 locet-ione,
1048 2977 1088 3038 nt
1113 2974 1152 3037 in
1172 2975 1407 3058 praecedenti
1434 2977 1586 3044 Cbnrtn.
1628 2975 1630 2982 '

1314 3463 1658 3546 MCXXXIX

1338 3713 1401 3790 A.
1429 3711 1489 3786 D.
1517 3711 1644 3789 1050

613 3971 641 4063 †
665 3975 703 4042 In
726 3977 867 4044 nomine
890 3976 1023 4046 domini
1051 3979 1420 4082 Tricesimosecundo
1437 3999 1531 4048 anno
1554 3978 1778 4067 principatus
1801 3978 1920 4046 domni
1938 3977 2050 4046 nostri
2066 3975 2248 4044 Guaimari
2263 3975 2421 4044 Glorioso

567 4123 742 4213 principe,
768 4129 805 4194 et
827 4127 1033 4200 duodecimo
1047 4151 1153 4201 anno
1178 4133 1329 4202 ducatus
1359 4131 1436 4200 eius
1460 4133 1578 4200 amalfi
1601 4133 1638 4198 et
1660 4131 1685 4216 ¹)
1710 4131 1877 4210 sirrenti,
1902 4133 1939 4199 ct
1961 4129 2097 4199 decimo
2120 4137 2150 4216 ¹)
2176 4151 2268 4199 anno
2292 4150 2421 4218 supra-

568 4277 781 4368 scriptorum
796 4277 1060 4370 principatuum
1077 4289 1114 4353 et
1128 4285 1323 4355 ducatuum
1348 4285 1468 4354 domni
1485 4286 1606 4372 gisulll
1620 4285 1686 4358 filii
1701 4285 1790 4365 eius,
1807 4285 1932 4354 eximii
1949 4283 2120 4372 principis
2134 4287 2171 4352 et
2185 4283 2280 4361 duci,
2298 4303 2423 4354 mense

569 4431 706 4518 aprilis,
732 4435 836 4503 tertie
860 4436 1066 4508 indictione.
1091 4439 1389 4509 Memoratorium
1414 4443 1549 4509 factum
1573 4459 1596 4510 a
1619 4459 1675 4508 me
1697 4438 1791 4526 petri
1813 4437 1885 4506 filio
1910 4437 2084 4526 quondam
2108 4437 2222 4523 petri,
2249 4436 2413 4524 quonlam

494 4643 499 4654 .
568 4585 681 4654 tradit
704 4589 812 4657 michi
836 4591 979 4678 meique
1012 4593 1199 4662 heredibus
1222 4596 1395 4663 iohannes
1419 4597 1613 4664 monachus
1636 4595 1673 4662 et
1695 4595 1804 4662 abbas
1826 4595 1946 4660 sancto
1969 4592 2214 4678 archangele,
2255 4611 2322 4678 que
2344 4592 2417 4658 sita

568 4739 683 4809 estin
707 4745 862 4812 montem
885 4746 1005 4814 coraci
1028 4728 1072 4814 de
1096 4747 1240 4825 cliente,
1258 4750 1357 4818 huna
1379 4769 1461 4818 cum
1485 4751 1654 4825 alefanto,
1672 4747 1920 4817 adbocatorem
1944 4745 2059 4817 eidem
2074 4747 2299 4824 monasterio,
2317 4747 2417 4812 huna

569 4893 671 4982 pecia
692 4896 736 4965 de
759 4900 860 4968 terra
883 4905 989 4970 rebus
1012 4901 1056 4970 de
1079 4903 1201 4972 eodem
1224 4906 1439 4974 monasterio
1463 4905 1502 4974 in
1524 4907 1612 4984 loco,
1630 4904 1692 4993 qui
1714 4904 1847 4973 dicitur
1862 4902 1996 4972 ancilla
2018 4897 2088 4979 dei,
2113 4905 2199 4970 nato
2215 4897 2412 4978 sanciente,

507 5123 509 5130 ,
570 5046 609 5115 in
632 5049 739 5117 tertia
760 5055 865 5138 parte
887 5073 954 5141 per
977 5057 1043 5126 has
1066 5077 1275 5128 mensuras:
1301 5078 1324 5126 a
1347 5079 1433 5146 pars
1458 5059 1608 5128 orientis
1631 5061 1716 5127 sunt
1738 5057 1835 5145 passi
1858 5055 2010 5143 triginta
2032 5076 2165 5124 unum:
2191 5073 2214 5123 a
2236 5075 2322 5142 pars
2348 5073 2419 5123 me·

569 5199 661 5268 ridie
683 5220 783 5272 secus
812 5205 891 5294 ipsa
914 5207 971 5277 bia
995 5211 1105 5279 habet
1127 5231 1249 5299 passos
1272 5213 1557 5300 quattuordecim
1580 5216 1617 5281 et
1632 5213 1754 5282 cubita
1776 5181 1860 5292 dua,
1874 5213 1911 5280 et
1932 5165 2026 5280 sient
2048 5213 2143 5280 leret
2166 5209 2204 5278 in
2227 5209 2303 5296 ipso
2329 5207 2423 5278 riale

577 5456 890 5481 Μ

608 5569 635 5659 1)
655 5579 841 5644 Undecimo.

613 5693 642 5770 ¹)
662 5693 791 5756 Octavo.
