5454 7104
1222 509 1400 584 OODEX
1447 510 1716 586 CAVENSIS

1371 715 1581 796 MCXII

1322 899 1381 974 A.
1409 895 1468 971 D.
1497 896 1622 973 1049

586 1065 613 1158 †
638 1069 676 1134 ln
700 1065 840 1134 nomine
863 1066 997 1134 domini
1019 1065 1211 1134 Tricesimo
1236 1085 1328 1133 anno
1353 1066 1575 1153 principatus
1597 1070 1719 1137 domni
1757 1071 1870 1138 nostri
1893 1069 2087 1156 guaimarii
2121 1066 2268 1152 gloriosi
2298 1066 2395 1154 prin·

542 1220 646 1318 cipis,
671 1225 708 1288 et
730 1221 865 1288 decimo
889 1241 983 1288 anno
1007 1221 1157 1288 ducatus
1180 1223 1257 1288 eius
1281 1221 1419 1289 amalfis
1443 1225 1480 1288 et
1504 1222 1663 1299 sirrenti,
1691 1242 1799 1309 quam
1823 1225 1859 1289 et
1883 1223 2031 1311 septimo
2055 1242 2149 1290 anno
2173 1220 2402 1307 principatus

541 1376 580 1442 et
603 1373 758 1462 ipsorum
782 1373 976 1441 ducatuum
1002 1372 1122 1440 domni
1146 1373 1265 1460 gisulfi
1299 1374 1376 1441 eius
1398 1373 1463 1441 lllli
1487 1375 1613 1441 eximii
1637 1374 1809 1463 principis
1838 1379 1875 1442 et
1896 1376 2019 1452 ducis,
2053 1394 2175 1443 mense
2199 1376 2393 1451 februario,

544 1523 702 1590 secunda
740 1523 945 1590 indictione.
985 1526 1059 1610 Ego
1094 1526 1219 1609 petrus
1249 1522 1342 1590 filius
1373 1522 1551 1607 quondam
1581 1523 1677 1591 leoni
1707 1523 1830 1590 clerici
1859 1523 1903 1590 de
1933 1524 2049 1590 locum
2080 1523 2254 1600 nucerie,
2294 1525 2402 1592 clari·
2480 1535 2484 1540 “

541 1679 606 1746 lleo
642 1699 698 1746 me
732 1683 839 1747 abere
878 1681 983 1745 rebus
1018 1698 1099 1746 cum
1135 1681 1279 1746 arbusto
1313 1677 1424 1745 vitato
1459 1677 1499 1747 in
1534 1678 1653 1745 locum
1684 1639 1884 1746 tabellaria
1913 1679 2011 1748 infra
2040 1679 2109 1746 fine
2135 1681 2296 1757 salerni,
2339 1680 2401 1766 qui

543 1837 598 1900 est
629 1852 693 1920 per
716 1835 781 1900 has
803 1834 883 1901 finis
907 1837 943 1901 et
968 1834 1190 1901 mensurias:
1228 1836 1273 1901 ab
1296 1833 1476 1902 occidente
1503 1835 1587 1900 abet
1609 1835 1704 1920 passi
1727 1833 1855 1920 viginti
1878 1836 1946 1902 duo
1969 1838 2006 1902 et
2028 1833 2205 1902 medium:
2251 1857 2272 1904 a
2295 1838 2402 1904 meri-

544 1987 603 2055 die
638 1991 721 2055 abet
744 1989 838 2074 passi
863 1987 1105 2074 quadraginta
1128 1992 1225 2056 tres:
1262 1992 1307 2056 ab
1338 1988 1476 2056 oriente
1501 1992 1584 2056 abet
1606 1991 1702 2076 passi
1737 1991 1919 2057 duodecim
1954 1993 1991 2056 et
2013 1980 2188 2067 'medium3
2225 1993 2261 2056 et
2285 1977 2401 2057 rebol-

544 2145 649 2210 bente
672 2143 711 2210 in
733 2143 811 2229 ipsa
834 2146 938 2228 parte
961 2145 1110 2211 orientis
1134 2145 1229 2230 passi
1245 2144 1440 2220 duodecim,
1471 2147 1508 2210 et
1523 2143 1605 2211 inde
1623 2147 1720 2213 rebol
1731 2148 1834 2212 bento
1864 2147 2004 2230 aparte
2031 2143 2293 2231 septemtrionis
2307 2143 2401 2230 passi

543 2297 700 2382 quinque
723 2299 759 2362 et
782 2297 957 2374 medium3
984 2299 1020 2364 et
1043 2297 1172 2364 iterum
1199 2299 1402 2364 rebolbente
1426 2297 1464 2363 in
1481 2317 1564 2384 pars
1588 2299 1792 2374 occidentis,
1822 2300 1858 2364 et
1872 2297 2109 2382 coniungente
2126 2297 2163 2364 in
2179 2297 2297 2383 priore
2312 2299 2397 2376 fine,

548 2449 647 2536 passi
670 2449 799 2536 viginti
822 2468 909 2527 sex,
935 2450 981 2517 ad
1005 2450 1099 2517 iusto
1124 2469 1229 2536 passu
1254 2451 1406 2518 hominis
1431 2451 1650 2527 mensurati;
1676 2455 1712 2518 et
1739 2455 1941 2537 congruum
1966 2453 2019 2517 est
2042 2451 2130 2518 mihi
2152 2452 2394 2538 suprascripto

542 2605 645 2688 petro
669 2604 886 2670 venumdare
897 2603 976 2691 ipsa
998 2607 1115 2680 rebus;
1132 2608 1169 2671 et
1191 2603 1283 2680 ideo,
1308 2604 1400 2671 sicut
1417 2605 1504 2671 mihi
1520 2625 1717 2690 congruum
1741 2609 1885 2673 estmea
1898 2608 1988 2673 bona
2014 2607 2210 2683 boluntate,
2225 2609 2394 2693 perhanc

542 2760 720 2827 cartulam
745 2779 893 2848 quoram
916 2757 1096 2847 presentia
1119 2760 1229 2827 amati
1254 2759 1404 2836 iudicis,
1446 2761 1649 2828 venundedi
1684 2761 1748 2828 tivi
1771 2760 1935 2828 iohannis
1958 2761 2108 2829 castaldi
2131 2760 2195 2828 fllii
2220 2761 2399 2848 quondam

541 2913 695 2992 desidei,
732 2935 796 3002 pro
820 2917 923 3001 parte
946 2915 1096 3002 paldulll
1130 2914 1195 2980 filii
1221 2917 1308 2980 bono
1333 2914 1592 2982 recordationis
1615 2915 1734 2982 domni
1758 2915 1953 3001 guaimarii
1976 2912 2144 3004 principis
2168 2919 2204 2982 ot
2225 2915 2392 3002 germani

550 3068 784 3155 suprascripti
807 3067 925 3135 domni
950 3067 1145 3154 guaimarii
1167 3067 1392 3135 invictissimi
1417 3065 1587 3156 principis
1604 3071 1640 3135 et
1656 3068 1742 3146 dux,
1761 3069 1884 3135 inclita
1907 3069 2153 3157 suprascripta
2179 3087 2235 3136 res
2255 3088 2319 3156 per
2342 3088 2400 3137 su·

540 3221 761 3310 prascriptas
785 3205 1164 3298 rememorantes,
1190 3241 1270 3288 curn
1294 3225 1457 3289 omnibus
1481 3222 1577 3289 infra
1601 3221 1714 3308 ipsam
1740 3241 1815 3288 rem
1838 3223 2044 3302 abentibus,
2069 3223 2304 3310 omnibusque
2327 3223 2400 3292 suis

542 3376 780 3462 pertinentiis
806 3379 945 3442 etcum
970 3375 1045 3442 vice
1070 3376 1113 3442 de
1138 3376 1197 3442 via
1220 3395 1308 3450 sua,
1334 3395 1377 3443 ea
1401 3377 1552 3454 ratione,
1579 3377 1627 3443 ud
1651 3395 1792 3463 semper
1815 3377 1889 3464 ipse
1913 3377 2094 3464 paldulfus
2117 3380 2153 3446 et
2176 3377 2253 3446 eius
2277 3378 2400 3446 eredes

541 3529 715 3596 securiter
738 3532 869 3598 abeant
892 3505 1061 3624 inclitam
1086 3530 1196 3617 ipsam
1220 3529 1470 3608 venditionem,
1497 3535 1533 3597 et
1556 3531 1689 3598 saciant
1712 3533 1755 3599 de
1778 3551 1821 3598 ea
1844 3533 2005 3620 quicquit
2031 3534 2225 3608 voluerint,
2251 3537 2288 3600 et
2315 3553 2396 3619 pro·

545 3685 625 3770 pter
648 3683 950 3750 confirmationem
977 3682 1056 3749 nius
1081 3683 1306 3760 venditionis,
1332 3703 1354 3748 a
1377 3683 1533 3769 presenti
1555 3682 1693 3769 suscepi
1717 3687 1789 3749 ate
1806 3683 1984 3770 predictus
2000 3685 2186 3761 iohannes,
2216 3705 2279 3772 pro
2295 3689 2398 3773 parte

542 3841 778 3931 suprascripti
801 3843 981 3930 p'aldullo,
1027 3844 1203 3910 statutum
1228 3840 1382 3928 pretium
1407 3841 1488 3908 auri
1512 3845 1655 3908 tarenos
1678 3843 1784 3909 bonos
1808 3839 1960 3927 triginta
1989 3841 2027 3906 in
2050 3841 2145 3908 omni
2168 3841 2396 3909 deliberatio-

543 4017 601 4064 ne.
628 4001 672 4064 at
694 4018 757 4086 per
780 3997 1027 4064 convenientia
1053 3996 1186 4082 guadia
1210 3995 1275 4062 tivi
1291 3997 1353 4082 qui
1375 4013 1484 4082 supra
1508 3994 1681 4063 iohannes
1704 3994 1788 4062 dedi
1812 4015 1878 4081 ego
1901 3995 2080 4080 predictus
2105 3997 2238 4081 petrus,
2263 3998 2396 4062 etcum

544 4150 658 4237 ipsam
690 4150 854 4236 guadiam
885 4150 1075 4238 suscepisti
1111 4170 1175 4238 pro
1198 4151 1301 4237 parte
1324 4149 1558 4236 suprascripti
1582 4149 1764 4235 paldulso,
1790 4151 1827 4216 et
1849 4148 2088 4216 fideiussorem
2111 4149 2176 4220 tivi
2199 4149 2300 4235 posui
2323 4167 2386 4236 pro

544 4305 620 4372 eius
643 4309 746 4392 parte
769 4305 953 4391 meipsum,
974 4307 1011 4372 et
1034 4322 1098 4391 per
1122 4305 1235 4391 ipsam
1259 4303 1429 4390 guadiam
1452 4301 1614 4388 obligavi
1637 4302 1818 4390 predictus
1840 4305 1962 4389 petrus
1977 4305 2015 4368 et
2030 4319 2125 4368 meos
2140 4303 2291 4369 heredes
2309 4321 2398 4369 sem-

544 4475 609 4542 per
631 4458 818 4526 dclensare
841 4458 951 4545 ipsius
975 4457 1125 4545 paldulfl
1147 4461 1184 4523 et
1207 4457 1252 4525 ad
1276 4455 1351 4523 eius
1374 4458 1497 4524 eredes
1521 4456 1646 4524 inclita
1669 4455 1912 4543 suprascripta
1936 4454 2141 4522 venditione
2165 4458 2210 4523 ab
2232 4455 2399 4522 omnibus

544 4611 746 4680 hominibus
769 4615 806 4679 et
828 4614 990 4700 partibus
1009 4637 1017 4690 3
1051 4616 1088 4678 ct
1111 4611 1251 4698 quando
1275 4609 1349 4696 ipse
1373 4611 1555 4714 paldullus
1578 4613 1615 4677 et
1637 4630 1718 4678 suos
1742 4612 1864 4678 eredes
1887 4629 1951 4698 per
1974 4591 2099 4697 seipsis
2122 4607 2301 4676 voluerint
2323 4626 2399 4676 esse

541 4766 744 4835 defensores
767 4768 811 4834 de
833 4766 1082 4854 suprascripta
1106 4765 1323 4843 venditione,
1349 4768 1559 4852 potestatem
1583 4768 1726 4842 abeant,
1752 4765 1909 4853 qualiter
1931 4764 2113 4834 voluerint
2135 4783 2216 4831 cum
2231 4763 2398 4830 omnibus

542 4920 797 4988 muniminibus
820 4922 857 4986 et
880 4921 1101 4996 rationibus,
1129 4939 1217 5007 quas
1242 4921 1284 4986 de
1308 4938 1351 4986 ea
1373 4921 1559 4987 ostendere
1584 4920 1772 4988 voluerint.
1799 4921 1920 4996 Etsi,
1945 4921 2038 4987 sicut
2061 4919 2224 5006 superius
2247 4917 2395 5004 legitur,

542 5093 608 5160 ego
632 5077 669 5141 et
691 5092 786 5142 meos
810 5074 957 5142 heredes
981 5094 1051 5140 non
1078 5072 1390 5162 adimpleberimus
1413 5073 1524 5160 ipsius
1548 5072 1696 5160 paldulfl
1718 5077 1754 5140 et
1785 5073 1829 5140 ad
1845 5074 1921 5140 eius
1937 5073 2071 5150 eredes,
2090 5075 2126 5138 et
2151 5070 2399 5158 suprascripta

541 5231 599 5295 vel
623 5231 753 5298 exinde
777 5233 958 5298 remobere
985 5231 1055 5298 aud
1078 5229 1323 5298 contradicere
1347 5229 1670 5316 presunpserimus,
1695 5248 1758 5315 per
1783 5233 1895 5315 ipsam
1918 5227 2088 5314 guadiam
2111 5227 2232 5312 obligo
2248 5245 2303 5292 me
2319 5243 2399 5312 pre-

543 5381 660 5450 dictus
683 5384 805 5470 petrus
828 5386 865 5450 et
887 5403 983 5450 meos
1006 5383 1129 5450 eredes
1152 5402 1360 5469 componere
1384 5381 1451 5468 ipsi
1476 5376 1638 5468 paldulfo
1661 5383 1698 5447 et
1721 5381 1765 5448 ad
1782 5381 1858 5447 eius
1873 5380 1995 5447 eredes
2022 5379 2285 5467 qninquaginta
2316 5378 2396 5444 anri

540 5534 671 5604 solidos
701 5536 1013 5615 constantinianos,
1041 5540 1089 5615 et,
1115 5537 1208 5605 sicut
1231 5536 1396 5624 superius
1420 5537 1569 5622 legitur,
1596 5535 1806 5621 adimplere,
1830 5539 1868 5602 et
1891 5533 2014 5600 taliter
2037 5531 2189 5602 scribere
2213 5533 2338 5619 rogavi
2361 5535 2397 5600 te

545 5689 719 5756 iohannes
741 5691 871 5760 scriba.

592 5846 619 5940 †
644 5849 717 5932 Ego
741 5845 802 5934 qui
824 5865 934 5932 supra
956 5849 1097 5914 amatus
1121 5846 1242 5913 iudex.
