5398 7106
618 451 686 522 222
1208 437 1211 442 ¹
1247 446 1420 520 cuutx
1454 447 1680 518 CAVENSl

568 645 711 710 maneat
733 645 769 708 et
791 661 930 729 sempor
952 643 1025 710 sint
1048 643 1085 708 in
1112 645 1287 728 potestate
1311 645 1374 707 tua
1396 645 1433 706 et
1455 641 1626 707 heredum
1650 643 1790 707 tuorum
1815 639 2005 724 presbiteri
2029 638 2088 704 vol
2104 637 2229 704 cleriei
2252 655 2314 704 seu
2338 657 2413 702 mo-

567 795 686 871 nachi,
712 794 833 880 quiin
858 795 936 880 ipsa
960 795 1118 862 ecclesia
1143 813 1207 881 per
1245 798 1281 861 te
1305 797 1369 861 aut
1392 812 1455 880 per
1478 795 1555 859 tuos
1580 791 1728 858 heredes
1751 791 1908 857 ordinati
1945 791 2092 857 luerint.
2132 793 2177 856 Et
2199 791 2409 875 potestatem

566 947 720 1014 baveant
742 945 779 1012 in
802 945 880 1032 ipsa
902 946 1060 1014 ecclesia
1084 947 1213 1012 missas
1239 948 1387 1012 cantare
1421 949 1458 1011 et
1482 915 1649 1010 divinum
1677 943 1830 1010 officium
1866 943 2049 1010 celebrare
2088 939 2245 1028 qualiter
2284 940 2414 1006 melius

565 1095 744 1181 potuerint
765 1099 802 1163 et
824 1096 922 1164 vobis
946 1097 1144 1183 placuerit,
1172 1098 1302 1182 absque
1326 1096 1423 1163 omni
1441 1099 1561 1163 nostra
1577 1097 1614 1162 et
1633 1113 1872 1162 successorum
1889 1098 2090 1162 nostrorum
2120 1097 2156 1161 et
2171 1093 2283 1179 partis
2299 1091 2411 1178 ipsius

567 1251 677 1318 nostri
700 1221 869 1338 episcopii
891 1251 1015 1338 aliqua
1038 1251 1295 1319 contrarietate
1318 1253 1383 1319 aut
1406 1250 1698 1325 molestationem,
1716 1248 1893 1334 simulque
1909 1248 2132 1315 concedimus
2157 1250 2192 1312 in
2217 1245 2343 1312 eadem
2359 1263 2417 1310 ve

565 1409 676 1472 stram
699 1405 884 1473 ecclesiam
911 1408 950 1472 ut
974 1405 1081 1472 liceat
1103 1406 1280 1481 abbatem,
1298 1405 1524 1490 presbiteros.
1550 1403 1698 1471 clericos
1720 1422 1783 1469 seu
1808 1405 1997 1470 monachos
2021 1420 2084 1488 per
2107 1404 2143 1467 te
2159 1400 2230 1467 aud
2254 1417 2318 1484 per
2333 1406 2416 1466 tuos

565 1558 711 1626 heredes
734 1558 773 1626 in
798 1560 876 1646 ipsa
898 1559 1049 1626 ecclesia
1075 1557 1260 1624 ordinatos
1283 1558 1436 1624 letanias
1459 1559 1628 1622 excutere
1651 1558 1696 1623 ab
1719 1558 1794 1641 ipsa
1817 1553 1968 1621 ecclesia
1999 1556 2036 1619 et
2059 1553 2260 1640 ubicunque
2295 1555 2412 1618 volue-

565 1712 639 1778 rint
660 1710 699 1778 in
722 1711 831 1778 aliam
855 1712 1044 1780 ecclesiam
1081 1717 1267 1798 asportare
1302 1713 1337 1777 et
1360 1711 1451 1778 alias
1474 1710 1808 1806 letaniasrecipere
1842 1711 1879 1774 et
1902 1728 1948 1775 ex
1971 1705 2148 1776 oblatione
2183 1726 2252 1794 que
2275 1708 2312 1772 in
2335 1705 2414 1791 ipsa

565 1863 715 1931 ecclesia
737 1865 855 1932 oblata
878 1863 998 1940 suerit,
1013 1866 1131 1930 lacere
1154 1863 1247 1950 quod
1271 1863 1462 1931 voluerint:
1480 1865 1517 1928 et
1540 1865 1750 1950 potestatem
1772 1865 1926 1929 baveant
1950 1881 2013 1948 per
2036 1862 2131 1928 vicos
2155 1863 2192 1926 et
2214 1860 2415 1948 vicinantes

563 2013 718 2084 infirmos
741 2017 901 2092 visitare,
928 2036 1050 2084 cruces
1074 2018 1118 2084 de
1143 2035 1227 2084 cera
1251 2036 1395 2103 ponere,
1414 2035 1542 2102 aquarn
1566 2015 1774 2082 benedicere
1798 2017 1834 2080 et
1857 2013 2116 2081 sanctiticatam
2140 2030 2272 2098 aquam
2296 2029 2418 2096 asper-

562 2188 660 2254 gere,
686 2171 722 2236 et
744 2173 900 2236 mortuos
924 2169 1169 2256 undecumque
1194 2170 1355 2236 atduetos
1380 2172 1538 2254 recipere
1562 2171 1599 2234 et
1622 2169 1655 2234 io
1681 2170 1834 2236 circuitu
1857 2168 1968 2254 ipsius
1991 2166 2139 2233 ecclesie
2163 2165 2348 2250 sepelire,
2378 2165 2415 2230 et

564 2339 713 2400 cereum,
728 2321 765 2388 in
788 2322 845 2388 die
868 2322 991 2389 sancti·
1006 2321 1148 2390 sabbati
1171 2324 1207 2388 et
1230 2324 1364 2388 sontem
1387 2321 1624 2398 benedicere,
1665 2325 1701 2402 et
1724 2321 1763 2388 in
1786 2321 1906 2387 eodem
1930 2322 2064 2387 fontem
2091 2319 2285 2412 secundum
2308 2337 2411 2384 cano·

564 2493 645 2540 num
670 2476 837 2560 precepta
860 2473 1081 2560 baptitiare,
1108 2480 1141 2540 et
1166 2474 1203 2539 in
1226 2491 1314 2540 cena
1337 2474 1470 2541 domini
1494 2494 1562 2560 que
1586 2479 1640 2541 est
1663 2477 1787 2560 quinta
1811 2476 1925 2548 seria,
1951 2493 2017 2560 ego
2041 2476 2077 2539 et
2099 2490 2320 2539 successores
2345 2473 2415 2537 mei

563 2628 685 2694 demus
707 2626 909 2694 custodibus
931 2625 1039 2712 ipsius
1063 2627 1212 2693 ecclesie
1235 2627 1311 2692 sine
1336 2625 1458 2712 aliqua
1481 2625 1625 2692 datione
1640 2626 1797 2693 chrisma
1820 2628 1857 2692 et
1879 2629 2040 2692 sanctum
2063 2626 2181 2690 oleum
2207 2625 2244 2688 et
2258 2622 2416 2724 firmato.

568 2784 605 2847 et
627 2797 742 2866 neque
768 2797 833 2864 ego
856 2779 1036 2865 predictus
1046 2781 1206 2855 rimatus,
1231 2779 1364 2846 domini
1388 2778 1509 2864 gratia
1532 2771 1705 2864 pontisex',
1724 2797 1838 2866 neque
1861 2797 2079 2845 successores
2102 2777 2184 2854 mei,
2203 2796 2318 2864 neque
2335 2797 2425 2862 pars.

574 2935 684 3002 nostri
707 2933 875 3020 episcopii
897 2933 1055 3020 aliquam
1079 2933 1264 3018 angariam
1289 2935 1350 2999 aut
1373 2931 1561 2998 servitium
1593 2932 1648 2996 vel
1673 2948 1813 2996 censum
1848 2931 1918 2997 aud
1942 2949 2201 3017 quamcumque
2236 2929 2416 2996 dationem

567 3087 771 3174 presbiteris
794 3105 856 3154 seu
882 3086 1021 3153 clericis
1045 3089 1109 3152 aut
1133 3085 1330 3161 monachis,
1346 3085 1407 3171 qui
1431 3103 1495 3170 per
1519 3103 1579 3150 vos
1603 3086 1667 3150 aut
1689 3103 1753 3168 per
1776 3087 1911 3150 vestros
1935 3084 2082 3150 heredes
2107 3083 2144 3148 in
2167 3085 2243 3168 ipsa
2267 3085 2425 3153 ecclesia.

564 3239 694 3306 suerint
717 3239 873 3306 ordinati
898 3239 1124 3326 inponamus,
1150 3241 1204 3305 set
1226 3239 1320 3306 sicut
1342 3239 1414 3304 iam
1438 3257 1548 3324 supra
1571 3237 1753 3315 diximus,
1789 3237 1885 3304 omni
1908 3241 2067 3324 tempore
2091 3255 2154 3323 per
2177 3237 2292 3303 omnia
2317 3240 2354 3303 et
2377 3237 2418 3306 in

565 3389 723 3456 omnibus
746 3407 887 3457 securos
909 3393 946 3456 et
969 3389 1100 3456 liveros
1124 3392 1359 3475 permaneant
1382 3393 1519 3476 aparte
1543 3390 1655 3476 ipsius
1678 3392 1790 3458 nostri
1813 3395 2045 3478 episcopatus;
2063 3396 2100 3458 et
2123 3394 2421 3479 quotiescumque-

566 3543 641 3627 ipsa
663 3541 812 3606 ecclesia
834 3541 1148 3618 contaminavitur,
1174 3561 1240 3626 ego
1264 3543 1301 3607 et
1324 3560 1544 3609 successores
1569 3541 1637 3608 mei
1660 3542 1737 3608 sine
1761 3543 1885 3629 aliqua
1908 3543 2050 3611 datione
2073 3545 2277 3613 custodibus
2302 3545 2422 3631 ipsius.

565 3694 711 3759 ecclesi»
734 3694 857 3760 demus
880 3713 1010 3780 aquam
1033 3693 1290 3760 sanctificatam
1314 3697 1458 3781 propter
1481 3695 1593 3780 ipsius
1616 3696 1763 3763 ecclesie
1786 3697 1844 3762 vel
1867 3697 1995 3764 altaris
2022 3699 2357 3765 reconciliationem:
2376 3705 2422 3766 et.

568 3847 597 3912 si
622 3847 869 3934 qualicumque
894 3848 994 3915 modo
1019 3847 1170 3934 reliquie
1194 3847 1306 3934 ipsius
1329 3848 1479 3915 ecclesie
1502 3850 1641 3916 sublate
1665 3851 1827 3926 suerint,
1852 3871 1918 3936 ego
1942 3855 1978 3918 et
2001 3871 2220 3920 successores
2244 3854 2312 3920 mei
2338 3872 2415 3919 ree-

571 3999 751 4067 dificeruus
775 4019 852 4068 eam
876 4001 949 4069 sine
974 4001 1097 4088 aliqua
1119 4002 1271 4078 dationc;
1297 4011 1333 4070 et
1356 4004 1626 4090 qualiscumque
1649 4023 1759 4071 causa
1784 4005 1924 4072 movilis
1948 4006 2019 4072 aud
2041 4008 2179 4074 stavilis
2204 4025 2267 4092 per
2292 4010 2326 4073 te
2350 4015 2414 4073 aut

573 4171 636 4240 per
675 4159 751 4220 tuos
789 4153 935 4221 heredes
958 4157 1022 4222 aut
1045 4173 1109 4241 per
1132 4153 1330 4242 quamlivet
1351 4155 1458 4222 allam
1482 4175 1670 4242 personam
1706 4177 1927 4245 quocumque
1951 4161 2051 4227 modo
2086 4161 2172 4227 data
2203 4133 2267 4227 aut
2289 4162 2426 4230 offerta.
2503 4247 2506 4252 ,

568 4307 690 4382 suerit,
715 4325 852 4390 semper
874 4307 1049 4373 securiter
1071 4309 1108 4372 et
1131 4306 1282 4373 firmiter
1304 4308 1352 4374 sit
1374 4307 1411 4375 in
1436 4313 1611 4394 potestate
1634 4309 1746 4396 ipsius
1770 4312 1928 4378 ecclesie.
1954 4315 1991 4378 et
2013 4315 2222 4398 potestatem
2247 4314 2410 4381 haveatis

568 4463 606 4526 tu
632 4467 666 4526 et
691 4458 743 4524 tui
773 4458 916 4526 heredes
939 4478 1001 4526 seu
1024 4461 1185 4528 custodes
1209 4465 1247 4530 in
1271 4461 1349 4547 ipsa
1372 4463 1523 4529 eecleia
1546 4482 1610 4548 per
1633 4467 1680 4540 te,
1706 4465 1774 4532 aud
1799 4485 1862 4550 per
1887 4475 1963 4533 tuos
1987 4468 2135 4534 heredes
2159 4467 2313 4534 ordinati
2343 4469 2427 4534 lue--

565 4611 645 4686 rint,
672 4614 752 4680 inde
787 4615 903 4681 locere
927 4614 1019 4701 quod
1043 4615 1241 4688 volueritis,
1259 4619 1296 4682 et
1319 4634 1384 4681 nec
1407 4633 1473 4699 ego
1498 4635 1563 4683 nec
1586 4635 1803 4684 successores
1826 4618 1908 4695 mei,
1935 4638 2049 4706 neque
2073 4639 2155 4708 pars
2172 4619 2280 4706 ipsius
2305 4573 2415 4688 nostri

575 4768 740 4854 episcopii
774 4771 968 4836 bareamus
992 4771 1201 4856 potestatem
1226 4768 1346 4856 aliquo
1371 4772 1528 4856 tempore
1552 4788 1616 4856 per
1634 4759 1896 4859 'qualecumque
1920 4775 2060 4842 modum
2084 4773 2138 4842 vel
2163 4777 2330 4844 rationem
2354 4779 2430 4846 ati2

569 4923 647 5008 quit
669 4941 713 4989 ex
746 4922 822 5008 ipsa
860 4921 1008 4989 ecclesia
1031 4927 1055 4988 u
1068 4922 1156 4987 llere
1180 4925 1244 4989 aut
1266 4926 1431 4990 contrare
1453 4942 1514 4991 seu
1539 4929 1710 5002 m'nuure,
1735 4931 1799 4994 aut
1820 4930 1931 5013 ipsam
1955 4928 2139 4996 ecclesiam
2166 4931 2221 4996 vel
2244 4932 2428 4999 heredita.

566 5075 635 5142 tem
668 5075 905 5159 pertinentem
929 5073 1037 5161 ipsius
1062 5075 1230 5142 aecclesie
1253 5075 1298 5142 ad
1323 5081 1479 5144 nostram
1503 5083 1709 5163 potestatem
1742 5081 1898 5148 retinere
1921 5086 1985 5150 aut
2019 5083 2056 5150 in
2092 5084 2297 5151 beneficium
2323 5085 2408 5152 dare

566 5231 629 5293 aut
670 5231 703 5292 in
736 5227 894 5314 qualivet
916 5232 1054 5314 partem
1080 5227 1241 5294 alienare
1264 5227 1321 5293 vel
1345 5232 1596 5319 qualicumque
1609 5235 1747 5302 ratione
1771 5235 1884 5322 ipsam
1910 5237 2105 5314 ecclesium,
2124 5243 2185 5322 aut
2207 5240 2428 5325 presbiteros·

566 5381 622 5446 vel
660 5381 807 5448 clericos
838 5383 899 5469 qui
922 5401 983 5470 por
998 5401 1058 5450 vos
1083 5383 1119 5449 iu
1144 5383 1221 5468 ipsa
1236 5384 1385 5451 ecclesia
1407 5385 1563 5454 ordinati
1587 5389 1721 5456 luerint
1743 5392 2049 5457 excommunicare
2065 5393 2121 5457 vel
2136 5391 2220 5459 inde
2242 5397 2428 5462 substrae.

567 5553 621 5606 rer
646 5539 700 5602 set
726 5554 864 5622 semper
892 5536 970 5624 ipsa
992 5535 1141 5604 ecclesie
1156 5537 1346 5622 presbiteri
1369 5555 1431 5604 seu
1449 5539 1616 5606 monachi
1640 5560 1704 5626 per
1727 5560 1787 5609 vos
1803 5541 1932 5609 ividem
1956 5543 2112 5612 ordinati
2129 5550 2193 5613 aut
2208 5527 2272 5633 per
2284 5535 2437 5616 vestros'

569 5691 717 5758 heredes
744 5712 821 5758 rum
845 5692 1002 5759 omnibus
1026 5696 1130 5760 rebus
1146 5692 1332 5760 sterilibus
1348 5697 1385 5760 et
1401 5693 1599 5770 movilibus,
1613 5696 1706 5762 sicut
1728 5696 1898 5776 diximus,
1915 5699 2008 5766 omni
2025 5703 2184 5787 tempore
2210 5703 2269 5770 tue
2293 5705 2329 5768 et
2341 5704 2427 5770 tuo--
