5452 7108
608 481 652 554 ti
1234 475 1409 550 Gubul
1457 476 1726 552 clvENsls

554 674 704 742 maiano
727 692 807 740 cum
831 671 994 738 omnibus
1020 674 1124 738 rebus
1147 671 1336 739 stavilibus
1362 675 1399 739 et
1424 673 1615 742 movilibus
1638 672 1840 758 pertinente
1864 641 1978 740 eidem
2013 669 2160 742 ecclesie
2184 693 2264 740 cum
2288 672 2413 740 inclita

559 845 640 893 mea
663 827 705 893 de
728 829 873 912 puteum
897 829 934 892 et
956 829 1057 892 curte
1081 830 1117 892 et
1146 826 1206 893 via
1228 826 1278 892 ad
1302 825 1417 912 ipsum
1441 827 1703 914 puteum,quorl
1727 828 1815 896 mibi
1839 828 1996 916 pertinet
2018 847 2041 894 a
2056 825 2298 928 suprascripte
2313 825 2415 912 geni·

567 985 680 1050 torem
703 1001 841 1070 meum;
866 1002 974 1068 qnam
998 985 1034 1048 et
1058 945 1187 1049 obtulit
1212 982 1276 1048 deo
1304 981 1401 1050 etin
1424 985 1565 1069 prelata
1587 983 1875 1054 ecclesiasancte
1898 982 2012 1050 marie
2042 982 2086 1049 de
2109 982 2268 1071 predicto
2291 982 2408 1048 locum

565 1139 731 1207 betrantu
758 1158 828 1205 una
851 1136 953 1224 pecia
970 1135 1013 1202 de
1032 1139 1132 1202 terra
1149 1155 1231 1204 cum
1245 1135 1458 1240 uiscilietum
1472 1137 1514 1204 de
1530 1139 1707 1208 castaneis
1718 1141 1755 1205 et
1767 1136 1850 1204 aliis
1866 1137 2052 1206 arboribus
2068 1135 2106 1203 in
2121 1135 2279 1223 predicto
2294 1135 2410 1201 locum

554 1295 764 1362 trasboneia
787 1297 961 1380 pertines
985 1296 1021 1358 ct
1036 1309 1236 1360 mensuras:
1263 1311 1285 1359 a
1308 1310 1393 1378 pars
1416 1291 1608 1359 occidentis
1637 1296 1692 1360 est
1714 1295 1783 1360 fine
1808 1291 1922 1358 medio
1946 1292 2099 1368 vallone,
2117 1290 2178 1378 qui
2201 1289 2333 1356 dicitur
2349 1292 2410 1357 bu·

553 1448 745 1530 lutabblu,
771 1455 855 1519 sunt
877 1450 960 1519 inde
985 1450 1079 1536 passi
1103 1449 1290 1526 tridecim3
1317 1469 1339 1516 a
1362 1453 1465 1537 parte
1488 1449 1638 1518 orientis
1676 1452 1731 1516 est
1753 1450 1833 1518 finis
1857 1447 1974 1516 media
1997 1466 2122 1524 serra,
2148 1466 2216 1536 que
2239 1445 2409 1514 discernit

553 1604 598 1672 ad
622 1608 744 1675 eredes
778 1607 929 1694 predicti
953 1607 1151 1681 madelmi,
1177 1609 1261 1672 sunt
1285 1604 1367 1672 inde
1391 1607 1532 1672 rectum
1568 1624 1632 1692 per
1655 1604 1733 1692 ipsa
1756 1623 1858 1671 serra
1880 1603 1975 1690 passi
2010 1601 2074 1670 alii
2097 1601 2283 1679 tridecim,
2309 1600 2411 1668 etde

553 1759 739 1844 longitudo
762 1759 808 1826 da
832 1759 946 1826 medio
970 1760 1129 1846 predicto
1154 1760 1295 1826 ballone
1319 1777 1429 1844 usque
1462 1759 1709 1844 suprascripta
1732 1755 1849 1826 media
1871 1775 1996 1834 serra;
2021 1755 2136 1823 omnis
2168 1755 2410 1842 suprascripta

556 1913 737 1980 mensuria
761 1915 853 1981 iusto
877 1934 982 2002 passu
998 1897 1117 1981 'omini
1141 1916 1361 1989 mensurata,
1378 1913 1445 1979 tali
1469 1910 1598 1979 ordine
1622 1911 1700 1996 ipsa
1723 1909 1876 1978 ecclesia
1899 1910 1942 1976 de
1965 1909 2123 1988 maiano,
2142 1928 2210 1996 que
2233 1913 2269 1976 et
2292 1913 2412 1995 trago-

554 2068 634 2134 neie
658 2067 789 2134 dicitur
812 2087 892 2134 cum
916 2067 1083 2135 omnibus
1108 2070 1215 2134 rebus
1238 2067 1425 2134 movilibus
1449 2071 1484 2132 et
1507 2066 1695 2134 stavilibus
1720 2065 1921 2152 pertinente
1944 2064 2059 2132 eidem
2082 2065 2243 2142 ecclesie,
2269 2067 2409 2131 etcum

552 2221 659 2304 parte
683 2239 763 2286 mea
786 2219 829 2286 de
852 2219 927 2305 ipso
951 2221 1111 2304 puteum,
1138 2219 1231 2305 quod
1262 2219 1300 2286 in
1324 2218 1399 2306 ipso
1422 2220 1539 2286 locum
1564 2219 1709 2286 maiano
1734 2223 1811 2296 est,
1836 2239 1916 2286 cum
1942 2218 2019 2285 vice
2042 2217 2085 2284 de
2110 2218 2227 2284 viaet
2250 2220 2350 2284 curte
2375 2220 2410 2284 et

553 2370 635 2441 eum
659 2359 1029 2462 suprascripta‘pecia
1052 2376 1095 2442 de
1120 2377 1242 2452 terra,
1267 2395 1347 2442 cum
1372 2375 1587 2442 viseilietum
1612 2374 1708 2440 infra
1731 2373 1889 2460 predicte
1912 2372 1994 2440 linis
2023 2376 2059 2439 et
2081 2372 2303 2450 mensurias,
2329 2391 2410 2439 oum

555 2529 633 2596 vice
657 2529 699 2595 de
724 2529 783 2595 via
806 2548 872 2596 sua
888 2528 925 2596 in
943 2529 1104 2614 predicta
1120 2529 1272 2595 ecclesia
1287 2532 1409 2595 sancte
1425 2529 1538 2597 marie
1554 2530 1597 2596 de
1612 2530 1687 2616 ipso
1703 2531 1822 2596 locum
1839 2531 2044 2596 betrantum
2058 2528 2198 2604 obtulit,
2217 2531 2257 2594 ut
2272 2546 2410 2613 semper

551 2684 598 2750 sit
621 2684 660 2751 in
684 2685 859 2770 potestate
883 2683 1042 2770 predicte
1066 2683 1214 2750 ecclesie
1229 2687 1352 2750 sancte
1376 2683 1489 2751 marie
1513 2685 1559 2750 da
1581 2684 1657 2769 ipso
1674 2687 1795 2750 locum
1813 2685 1993 2760 betrantu,
2011 2682 2212 2750 laciendum
2229 2682 2312 2749 inde
2327 2701 2411 2768 pars

552 2837 723 2905 iamdicte
747 2836 895 2903 ecclesie
918 2837 1038 2903 omnia
1062 2837 1154 2923 quod
1180 2836 1345 2914 voluerit,
1371 2839 1504 2924 absque
1530 2837 1627 2903 omni
1651 2857 1731 2903 mea
1755 2836 1857 2903 etde
1881 2835 1969 2902 meis
1991 2835 2156 2902 eredibus
2172 2836 2228 2901 vel
2243 2835 2409 2922 cuiquam

552 2992 732 3060 ominibus
755 2965 1048 3059 contrarietatem
1065 2992 1121 3058 vel
1146 2991 1430 3079 requisitionem.
1449 2995 1493 3060 Et
1516 3012 1580 3080 per
1604 2991 1866 3060 combenientia
1889 2992 2023 3078 guadia
2039 2991 2136 3058 dedit
2158 2990 2313 3077 iaquinti
2329 3009 2408 3076 pre-

451 3183 455 3192 ·
552 3145 678 3212 sbiteri
702 3149 739 3212 et
762 3146 884 3212 abbati
908 3146 1068 3232 predicte
1093 3145 1257 3222 ecclesie,
1284 3148 1320 3210 et
1334 3144 1565 3212 fideiuxorem
1589 3145 1623 3212 ei
1647 3146 1763 3231 posuit
1779 3147 1951 3233 meipsum
1968 3149 2036 3212 etc.
2059 3147 2228 3230 Sequitur
2242 3148 2410 3212 consuetu

550 3303 725 3388 seracula,
752 3306 891 3370 statuta
915 3303 1051 3370 atrectatu
1073 3306 1218 3368 centum
1240 3303 1328 3369 uerri
1350 3303 1548 3369 solidorum
1571 3305 1965 3371 coristuutiutuuorum.
1991 3305 2241 3370 Berumtamen
2265 3302 2343 3387 ipsa
2354 3321 2410 3367 ec-

552 3456 661 3523 clesia
683 3459 805 3524 sancte
829 3456 942 3523 marie
976 3457 1022 3524 da
1046 3460 1213 3524 betrantu
1241 3455 1400 3543 pertinet
1423 3455 1507 3522 inde
1530 3459 1568 3523 at
1603 3457 1680 3544 ipsa
1705 3456 1827 3524 eredes
1860 3457 2026 3524 madelmi
2061 3457 2275 3533 medietate,
2312 3461 2409 3526 etat

553 3609 630 3694 ipsa
652 3608 774 3677 eredes
799 3607 862 3676 risi
898 3611 934 3675 et
959 3609 1115 3676 roderici
1138 3609 1353 3683 medietate,
1379 3614 1629 3678 berumtamen
1653 3612 1729 3698 ipso
1753 3613 1949 3699 scriptum,
1975 3613 2037 3700 qui
2060 3615 2116 3680 est
2137 3633 2159 3680 a
2181 3632 2288 3700 super
2311 3613 2407 3680 inter

552 3764 698 3850 virguli,
723 3763 814 3850 legit
837 3764 1043 3841 monimen,
1070 3765 1161 3852 quod
1184 3764 1312 3848 scripsi
1335 3785 1401 3852 ego
1425 3765 1599 3834 ademarii
1624 3767 1785 3834 notarius
1809 3768 1870 3855 qui
1894 3767 2055 3836 interlui.

560 4008 562 4012 ι
597 3917 721 4008 †Ego
745 3918 806 4006 qui
829 3936 938 4004 supra
964 3917 1138 3984 ademarii
1161 3917 1282 3986 iudex.
1358 3925 1363 3938 '

1322 4149 1653 4160 u—-.-—-—-

1334 4413 1622 4496 MXCVIII

1330 4785 1391 4859 A.
1420 4781 1479 4859 D.
1509 4787 1633 4861 1047

596 4979 623 5068 †
648 4981 686 5046 ln
710 4982 851 5048 nomine
876 4981 1008 5050 domini
1032 4983 1343 5054 tricesimohanno
1367 4988 1589 5074 principatus
1612 4989 1748 5058 salerni
1772 4990 1892 5058 domni
1915 4993 2027 5059 nostri
2043 4994 2237 5080 guaimarii
2260 4997 2406 5082 gloriosi

553 5133 748 5220 principis,
774 5142 810 5201 et
834 5157 925 5204 nono
949 5158 1043 5206 anno
1067 5140 1217 5212 ducatus
1240 5142 1316 5209 eius
1340 5145 1459 5210 amaltl
1488 5147 1524 5209 et
1547 5114 1734 5224 sirrentu,
1761 5148 1921 5214 etsexta
1956 5167 2048 5214 anno
2083 5150 2405 5237 suprascriptorum

552 5287 819 5376 principatuum
836 5295 872 5358 et
884 5291 1076 5362 ducatuum
1100 5295 1219 5363 domni
1231 5296 1344 5381 gisolfi
1362 5299 1485 5366 eximii
1497 5301 1670 5386 principis
1694 5305 1730 5369 et
1753 5301 1851 5368 ducis
1875 5302 1940 5369 filii
1954 5302 2044 5381 eius,
2063 5323 2182 5371 mense
2199 5307 2402 5381 nobember,

552 5443 669 5530 prima
692 5444 898 5514 indictione.
925 5451 999 5534 Ego
1024 5450 1195 5532 concilius
1217 5453 1393 5540 presbiter
1416 5454 1509 5522 filius
1534 5455 1712 5543 qnondam
1736 5451 1883 5524 iohanni
1917 5457 1960 5524 de
1983 5460 2098 5525 locum
2122 5461 2273 5528 malluni
2298 5461 2406 5548 perti-

552 5601 677 5667 nentia
701 5601 857 5680 nucerie,
884 5605 967 5670 ante
990 5605 1180 5694 subscripti
1204 5611 1323 5685 testes,
1349 5611 1442 5676 sicut
1462 5611 1575 5678 michi
1598 5631 1796 5697 congruum
1820 5615 1885 5690 est,
1910 5633 2002 5681 vona
2024 5615 2156 5682 etenim
2180 5635 2259 5682 mea
2284 5617 2405 5684 volun-

553 5755 628 5821 tate
652 5775 716 5843 per
738 5725 832 5825 anch
856 5763 1033 5830 cartulam
1057 5763 1259 5834 donationis
1282 5767 1372 5834 dono
1396 5770 1432 5834 et
1456 5767 1557 5835 trado
1582 5768 1679 5836 vobis
1704 5767 1753 5835 ise
1777 5767 1848 5850 filie
1873 5787 1949 5836 mee
1980 5761 2017 5836 et
2039 5769 2213 5848 iockardi,
2243 5771 2304 5859 qui
2327 5769 2404 5839 sitis
