5398 7106
893 481 895 486 ’
987 521 1409 602 omnouirrous
2013 523 2083 602 aaa

273 717 313 788 in
335 717 414 806 ipsa
438 721 537 788 terra
561 720 707 788 illorum
731 739 929 798 commune,
955 741 1024 810 que
1047 723 1128 790 erat
1150 725 1196 790 ab
1218 721 1414 800 occidente,
1433 719 1478 788 ad
1494 718 1697 790 iaciendum
1720 717 1804 787 inde
1829 719 1890 786 ille
1915 719 1952 788 et
1977 718 2055 786 eius
2071 719 2133 786 he-

207 966 212 978 ·
274 869 376 940 redes
399 874 436 938 et
458 871 517 938 cui
541 873 598 939 vel
624 874 683 940 ubi
706 891 771 959 per
794 890 852 940 eos
876 872 998 941 datum
1023 875 1186 962 paruerit
1207 879 1244 942 et
1266 874 1411 943 illorum
1434 873 1583 942 heredes
1607 873 1699 962 quod
1722 872 1916 950 voluerint,
1933 871 2027 940 sicut
2051 870 2130 958 ipsa
2153 925 2155 932 ,

274 1027 378 1094 carta
400 1024 574 1102 continet,
599 1026 735 1113 scripta
757 1044 821 1112 per
844 1034 985 1114 petrum
1010 1026 1203 1106 notarium,
1229 1028 1268 1096 in
1292 1047 1364 1116 qua
1387 1025 1580 1114 subscripti
1602 1027 1687 1093 sunt
1711 1023 1896 1101 iriderisi‚
1931 1024 2075 1090 altanus
2099 1025 2136 1089 et

275 1135 407 1266 pando.¹
428 1180 560 1246 Sexta:
596 1178 802 1247 duodecimo
826 1198 919 1248 anno
942 1179 1166 1267 principatus
1190 1181 1311 1250 domni
1334 1180 1496 1258 iohanni,
1521 1183 1559 1247 et
1580 1177 1731 1266 septimo
1765 1197 1859 1245 anno
1884 1176 2004 1244 domni
2028 1176 2133 1262 guai-

276 1335 382 1402 marii
406 1334 483 1401 eius
506 1332 601 1410 filii,
627 1353 749 1401 mense
773 1333 921 1410 iunius,
961 1337 1089 1404 octaba
1112 1335 1319 1406 indictione.
1360 1339 1436 1426 ipse
1460 1337 1644 1406 maraldus
1666 1335 1820 1404 clericus
1851 1338 1888 1403 et
1911 1335 2137 1404 vestararius

278 1491 488 1557 coniunctus
512 1489 632 1557 fuerat
654 1509 734 1557 curn
759 1490 837 1577 ipsa
861 1509 1000 1560 marum
1027 1509 1095 1578 que
1119 1494 1239 1560 tuerat
1264 1513 1355 1562 uxor
1378 1493 1490 1580 ipsius
1514 1493 1608 1581 petri
1623 1491 1688 1559 filii
1712 1491 1805 1578 petri
1830 1490 1940 1558 iudici
1964 1491 2001 1558 et
2024 1489 2136 1559 lando
2176 1519 2180 1536 ·

277 1647 356 1712 erat
379 1662 472 1710 uxor
494 1642 588 1730 petri
602 1643 678 1742 ¹tilii
702 1643 815 1711 leonis
838 1647 984 1732 propter
1008 1647 1108 1712 terra
1123 1647 1160 1712 et
1175 1665 1260 1714 casa
1282 1647 1326 1717 de
1351 1646 1447 1714 intus
1471 1649 1539 1714 hac
1555 1645 1702 1714 civitate
1726 1643 1772 1712 ad
1789 1645 1932 1712 hortum
1949 1663 2135 1730 magnum,

277 1795 369 1886 quod
394 1797 466 1885 ipse
491 1797 674 1866 maraldus
700 1798 892 1872 residebat
918 1799 1012 1866 unde
1036 1799 1098 1866 ille
1121 1820 1202 1868 cum
1227 1801 1313 1888 ipsis
1338 1821 1476 1868 marum
1500 1804 1537 1867 et
1560 1802 1615 1868 vir
1640 1800 1717 1868 eius
1741 1799 1780 1869 in
1803 1797 2028 1866 causationes
2057 1798 2134 1864 iue-

277 1955 372 2028 rant,
400 1957 440 2019 ut
464 1951 518 2019 illi
541 1951 620 2038 ipsa
646 1955 743 2020 terra
766 1955 803 2019 et
825 1971 909 2021 casa
933 1957 969 2020 et
991 1955 1118 2022 andita
1141 1955 1184 2022 dc
1208 1954 1287 2042 ipsa
1310 1974 1395 2050 casa
1418 1955 1452 2022 ei
1477 1957 1688 2030 contrasset;
1707 1955 1744 2020 et
1767 1953 1842 2039 ipse
1867 1949 2053 2019 maraldus
2069 1969 2134 2017 sex
2188 2043 2190 2048 Ι

277 2107 529 2194 scriptionibus
551 2108 782 2185 ostenderat,
808 2108 852 2176 de
876 2107 1004 2194 quibus
1028 2109 1065 2176 iu
1089 2109 1168 2196 ipsa
1191 2114 1295 2179 carta
1318 2110 1542 2179 declaratum
1567 2113 1659 2178 erat.
1685 2109 1775 2177 Cum
1800 2111 1921 2192 autem
1944 2105 2036 2174 lecte
2060 2107 2136 2173 fue-

278 2270 373 2341 rant,
398 2266 540 2334 dicebat
562 2265 637 2353 ipse
661 2266 855 2332 maraldus:
882 2269 921 2332 ut
944 2266 1024 2352 ipsa
1046 2286 1187 2334 marum
1212 2271 1248 2334 et
1271 2267 1461 2335 iamdictus
1485 2267 1541 2335 vir
1565 2267 1641 2334 eius
1664 2267 1863 2334 contrasset
1886 2264 1921 2332 ei
1943 2267 2068 2340 terra,
2096 2265 2133 2328 et

277 2440 361 2489 casa
386 2427 423 2489 et
445 2422 570 2490 andita
594 2441 662 2513 que
686 2421 761 2508 ipse
784 2417 1037 2507 scriptionibus
1062 2422 1277 2491 continebat.
1304 2423 1373 2509 Ipsi
1397 2421 1455 2489 vir
1479 2425 1515 2489 et
1538 2441 1631 2489 uxor
1654 2420 1836 2496 dixerant,
1859 2419 1903 2506 ut
1933 2419 2011 2505 ipsa
2036 2419 2137 2484 terra

275 2576 315 2640 et
338 2592 422 2640 casa
445 2572 577 2659 etipsa
601 2573 726 2640 andita
749 2591 818 2660 que
842 2572 916 2660 ipse
939 2573 1192 2662 scriptionibus
1216 2573 1422 2642 continebat
1456 2594 1528 2642 non
1551 2573 1585 2641 ei
1608 2574 1831 2648 contremet,
1873 2591 1937 2638 nec
1974 2571 2018 2639 de
2055 2574 2130 2657 ipse

276 2727 530 2814 scriptionibus
554 2727 691 2815 aliquid
715 2728 1004 2796 contradixisset.
1045 2729 1153 2796 etiam
1177 2733 1214 2796 et
1237 2729 1584 2805 manifestaveram,
1623 2735 1661 2796 ut
1685 2727 1807 2794 omnia
1845 2729 2018 2814 quantum
2059 2726 2133 2812 ipse

278 2883 531 2970 scriptionibus
555 2883 763 2950 continebat
786 2901 950 2950 veracem
974 2901 1051 2950 esse
1074 2885 1111 2950 et
1134 2884 1235 2950 nulla
1258 2882 1341 2950 inde
1357 2882 1600 2950 contradicere
1624 2883 1800 2968 poterent,
1819 2879 1913 2950 siout
1936 2879 2014 2966 ipsa
2030 2881 2135 2947 carta
2157 2957 2161 2966 ,

280 3037 453 3116 continet,
479 3039 615 3123 scripta
638 3056 702 3123 per
725 3036 972 3124 aghenardum
1010 3036 1217 3114 notarium,
1250 3036 1288 3104 in
1312 3057 1384 3125 qua
1406 3037 1629 3124 subscriptus
1663 3041 1717 3104 est
1740 3035 1939 3104 adenolfus.
1965 3034 2133 3121 Septima:

276 3190 519 3259 tertiodecimo
548 3211 642 3261 anno
665 3191 888 3278 principatus
912 3191 1031 3259 domni
1055 3191 1214 3269 iohanni,
1233 3193 1270 3259 et
1292 3191 1442 3278 septimo
1466 3210 1559 3258 anno
1583 3189 1702 3258 domni
1733 3189 1926 3277 guaimarii
1949 3189 2026 3256 eius
2049 3189 2134 3261 filii.

281 3363 401 3413 mense
425 3346 625 3422 december,
651 3365 747 3414 nona
770 3345 979 3413 indictione.
1005 3345 1251 3432 suprascripta
1264 3345 1358 3413 mira
1378 3346 1455 3412 fllia
1478 3345 1624 3423 andree,
1644 3363 1713 3431 que
1730 3346 1849 3412 iuerat
1872 3363 1964 3418 uxor
1987 3344 2134 3412 atenolfi

279 3499 446 3577 castaldi,
471 3503 509 3566 et
531 3500 646 3587 pando
669 3500 737 3567 filii
760 3519 882 3567 eorum
906 3500 1170 3568 clarificaverat
1203 3501 1278 3585 ipsa
1302 3497 1394 3565 mira
1424 3497 1458 3564 ei
1482 3449 1680 3583 perimeret
1709 3507 1775 3583 'per
1809 3497 2061 3586 successionem
2089 3499 2136 3572 ab

280 3655 358 3739 ipso
382 3652 519 3720 andrea
543 3657 580 3719 et
602 3671 666 3739 per
689 3671 755 3719 sua
779 3653 918 3719 ratione
942 3655 1041 3720 terra
1065 3671 1144 3719 cum
1169 3651 1367 3738 parietibus
1391 3651 1544 3727 fabritis,
1562 3653 1599 3718 et
1615 3653 1749 3718 terram
1773 3670 1922 3720 vacuam
1947 3669 2027 3717 cum
2051 3669 2135 3717 cur·

283 3807 406 3874 ticella
429 3806 549 3893 ibique
572 3805 763 3873 coniuncta
788 3805 884 3872 intus
907 3807 1001 3876 hanc
1026 3805 1208 3873 civitatem
1233 3806 1278 3874 ad
1302 3807 1444 3873 hortum
1470 3825 1653 3892 magnum.
1680 3805 1816 3892 etipse
1839 3805 1957 3892 pando
1981 3823 2133 3891 persua

280 3957 418 4025 ratione
443 3957 493 4024 ibi
516 3957 709 4025 sartionem
732 3960 866 4025 habere
890 3955 1066 4037 debebat,
1100 3962 1137 4026 et
1159 3958 1228 4046 ipsi
1251 3960 1346 4028 mira
1368 3963 1405 4028 et
1427 3961 1543 4046 pando
1567 3960 1861 4028 venundederant
1884 3960 1951 4048 ipsi
1974 3961 2137 4029 maraldo

279 4111 409 4178 clerico
433 4113 470 4177 et
493 4110 691 4178 vestarario
715 4109 794 4197 ipsa
810 4113 910 4178 terra
933 4130 1013 4178 cum
1030 4111 1228 4198 parietibus
1252 4113 1394 4180 fabritis
1418 4116 1455 4180 et
1469 4117 1570 4181 terra
1586 4132 1700 4183 vacua
1723 4115 1760 4180 et
1774 4113 1964 4182 curticella
1979 4113 2023 4180 de
2038 4113 2138 4182 intus

279 4265 373 4333 hanc
397 4265 580 4333 civitatem
605 4265 650 4332 ad
674 4267 817 4333 hortum
840 4285 1010 4352 magnum
1034 4285 1099 4352 per
1122 4267 1209 4334 fines
1232 4269 1269 4333 et
1293 4285 1489 4335 mensuras:
1530 4266 1725 4335 ameridie
1749 4268 1820 4335 ilne
1845 4269 1960 4337 medio
1996 4270 2136 4356 pariete

278 4419 428 4497 iabrito,
454 4420 516 4507 qui
540 4420 769 4488 discernebat
784 4439 806 4519 a
822 4437 906 4489 casa
929 4419 1143 4488 landemarii
1160 4417 1420 4507 clerici,·pedes
1443 4403 1573 4508 viginti
1596 4425 1688 4500 octo;
1714 4425 1759 4490 ab
1784 4423 1922 4492 oriente
1945 4423 2015 4490 fine
2031 4426 2141 4490 strec-

279 4575 357 4650 tola
377 4577 483 4641 erant
506 4593 530 4642 a
552 4575 701 4642 meridie
724 4573 801 4662 ipso
824 4575 963 4662 pariete
986 4573 1091 4660 pedes
1114 4573 1236 4642 decem
1260 4577 1298 4641 et
1321 4575 1507 4643 summisse
1531 4578 1568 4642 et
1584 4577 1688 4644 uncie
1702 4540 1804 4654 tres,
1822 4579 1858 4643 et
1881 4577 2086 4644 revolvebat
2102 4576 2140 4644 in

278 4729 415 4798 oriente
439 4729 546 4816 pedes
569 4732 643 4798 tres
666 4732 703 4797 et
725 4729 911 4798 summisse
935 4732 972 4798 et
996 4729 1098 4798 uncie
1122 4734 1305 4818 quattuor,
1329 4734 1367 4799 et
1390 4693 1595 4800 revolvebat
1617 4732 1655 4800 in
1670 4731 1933 4819 septemtrione
1949 4731 2054 4820 pedes
2071 4731 2139 4798 duo

278 4887 315 4952 et
336 4883 522 4954 summisse
546 4887 582 4953 et
607 4885 713 4953 uncie
735 4887 819 4972 tres,
843 4903 865 4952 a
888 4885 1141 4972 septemtrione
1164 4886 1235 4954 tine
1261 4884 1370 4973 ipsius
1394 4887 1575 4965 maraldi,
1607 4890 1644 4955 et
1666 4889 1734 4954 fine
1757 4889 1857 4955 terra
1881 4905 1988 4975 quam
2012 4886 2046 4953 ei
2072 4904 2135 4972 ve<

283 5042 532 5112 nundederant
555 5045 592 5108 et
614 5041 722 5128 pedes
746 5039 902 5126 triginta
924 5043 962 5108 et
983 5039 1173 5109 summisse
1198 5044 1235 5108 et
1258 5041 1397 5127 planta.
1430 5044 1476 5109 ab
1498 5040 1681 5109 occidente
1704 5059 1815 5128 usque
1840 5041 1994 5108 medium
2018 5039 2133 5126 ipsum

277 5195 449 5284 parietem
477 5195 585 5283 pedes
608 5193 895 5283 quattuordecim
918 5195 1036 5262 minus
1060 5195 1165 5263 uncie
1189 5197 1275 5263 tres.
1300 5199 1337 5262 et
1361 5195 1630 5263 venundederat
1645 5193 1721 5282 ‚ipsi
1746 5195 1907 5263 maraldo
1931 5193 2010 5281 ipsa
2033 5197 2133 5262 terra

279 5368 394 5418 vacua
418 5348 610 5416 coniuncta
633 5368 713 5417 cum
737 5347 842 5426 illud,
868 5347 960 5434 quod
974 5347 1148 5454 superius
1169 5355 1204 5415 ei
1229 5349 1508 5426 venundederat,
1523 5369 1597 5437 per
1620 5351 1707 5416 fines
1730 5351 1768 5416 et
1785 5351 1989 5417 'merrsuras
2016 5367 2038 5416 a
2062 5368 2135 5415 me·

278 5505 368 5575 ridie
390 5505 460 5571 fine
484 5503 574 5572 illud
599 5505 691 5593 quod
715 5504 748 5572 ei
773 5502 1064 5581 venumdederat,
1082 5503 1241 5611 etnpedes
1264 5523 1342 5572 sex:
1368 5507 1414 5572 ab
1436 5505 1619 5572 occidente
1642 5505 1712 5572 line
1736 5504 1828 5572 facie
1850 5503 1894 5572 de
1919 5503 2056 5592 pariete
2081 5504 2136 5570 la-.

276 5660 370 5731 brito
393 5663 430 5729 et
453 5661 597 5730 exiebat
625 5659 662 5728 in
686 5659 809 5728 andito
832 5677 1030 5736 commune,
1056 5658 1163 5744 pedes
1186 5658 1308 5726 decem
1332 5663 1370 5728 et
1391 5661 1576 5729 summisse
1595 5685 1603 5738 ;
1629 5680 1652 5728 a
1674 5659 1930 5748 septemtrione
1963 5661 2033 5728 fine
2057 5647 2147 5745 ipso¹
2219 5665 2222 5673 ‘

274 5815 397 5884 andito
421 5834 608 5885 commune
631 5819 669 5884 et
691 5814 797 5902 pedes
820 5833 898 5884 sex:
914 5814 1114 5900 oboriente
1136 5814 1334 5902 iincipsius
1358 5813 1526 5894 maraldi,
1544 5818 1588 5883 et¹
1596 5815 1702 5904 pedes
1726 5817 1901 5885 decernet
1922 5815 2133 5892 uncietrcs,
2199 5903 2201 5906 Ι
