5452 7108
1039 531 1453 612 nlrluhnrlcus
1509 608 1514 620 ,
2081 537 2126 609 ts

255 794 256 798 ,
323 731 486 802 meridiei
512 751 619 821 usque
643 733 680 799 in
696 733 807 800 alium
824 733 1014 810 vallonem,
1029 731 1122 800 sicut
1144 736 1202 803 est
1221 735 1392 802 cominius
1408 735 1565 823 ipsorum
1582 732 1891 802 monasteriorum.
1919 735 1963 800 Et
1977 753 2042 820 per
2058 734 2173 821 ipsum

324 891 500 956 vallonem
524 890 706 958 descendit
728 909 792 976 per
816 890 1008 958 confinium
1031 890 1188 978 ipsorum
1214 893 1510 959 monasteriorum
1546 909 1657 980 usqne
1692 891 1731 957 in
1763 891 1955 959 terminum
1991 892 2053 978 qui
2089 894 2182 958 fixus

323 1047 378 1112 est
400 1044 504 1111 iuxta
526 1045 641 1132 ipsam
665 1045 772 1113 viam.
813 1047 858 1112 Et
880 1047 926 1111 ab
949 1045 1024 1131 ipso
1048 1047 1203 1113 termino
1238 1045 1340 1113 vadit
1368 1065 1432 1134 per
1467 1046 1657 1114 confinium
1689 1046 1846 1133 ipsorum
1881 1047 2177 1116 monasteriorum

324 1217 434 1284 nsque
458 1199 496 1266 in
520 1201 631 1268 alium
655 1201 872 1276 terminem,
898 1200 959 1285 qui
982 1199 1074 1268 fixus
1098 1201 1152 1266 cst
1174 1219 1283 1287 prope
1308 1201 1424 1287 ripam
1447 1201 1682 1288 suprascripti
1705 1201 1819 1268 flubii.
1856 1203 1887 1268 A
1910 1205 2013 1289 parte
2036 1201 2183 1270 orientis

324 1355 379 1419 est
400 1352 481 1420 finis
504 1353 640 1421 medius
664 1353 738 1441 ipse
762 1353 902 1422 dubius
929 1355 974 1420 Et
995 1373 1060 1441 pro
1084 1353 1295 1440 cognitionis
1317 1373 1426 1422 causa
1449 1373 1660 1423 mensurare
1684 1357 1752 1423 ieci
1776 1359 1821 1424 ab
1844 1356 1919 1442 ipso
1936 1357 2099 1435 termino,
2118 1357 2180 1445 qui

323 1506 416 1572 fixus
439 1507 493 1572 est
515 1525 623 1594 prope
647 1507 760 1592 ipsam
784 1507 879 1574 viam
903 1475 945 1573 in
963 1510 1066 1595 parte
1089 1506 1252 1575 meridiei
1276 1527 1387 1597 usque
1411 1507 1449 1574 in
1472 1507 1588 1595 ipsum
1612 1509 1728 1576 alium
1751 1511 1966 1588 terminem,
2004 1511 2065 1598 qul
2089 1511 2182 1578 dnus

324 1662 378 1727 est
399 1658 496 1726 inter
519 1658 626 1726 istam
648 1661 780 1726 sortem
804 1662 841 1724 et
862 1658 979 1747 ipsam
1003 1663 1146 1728 sortem.
1173 1661 1203 1727 A
1227 1663 1330 1748 parte
1354 1661 1516 1730 meridiei
1539 1661 1708 1730 similiter
1732 1663 1836 1732 iuxta
1860 1665 1974 1752 ipsam
1998 1665 2116 1742 viam,
2142 1668 2179 1732 et

323 1815 407 1880 sunt
428 1813 524 1900 passi
548 1813 647 1880 mille
670 1814 822 1883 trecenti
846 1813 1043 1882 mensurati
1066 1833 1131 1902 per
1154 1815 1260 1884 illum
1283 1817 1427 1896 locum,
1464 1817 1557 1886 unde
1581 1819 1662 1904 plus
1695 1821 1833 1885 rectum
1867 1820 2070 1887 mensurari
2106 1839 2184 1904 pos-

324 1973 419 2038 sunt.
445 1971 490 2038 nt
513 1968 574 2056 qui
597 1969 703 2037 istam
726 1971 857 2036 sortem
881 1968 1210 2056 comprehenserit,
1244 1973 1280 2036 et
1302 1969 1379 2038 eius
1401 1970 1550 2038 heredes
1573 1969 1758 2039 licentiam
1782 1973 1947 2040 habeant
1969 1974 2074 2042 iuxta
2098 1975 2184 2042 litus
2214 1955 2216 1960 ’
2337 1958 2342 1968 ’

325 2123 436 2192 maris
459 2124 495 2190 et
518 2123 555 2189 in
578 2121 654 2209 ipso
678 2121 783 2188 litore
806 2121 861 2188 illi
885 2123 921 2187 et
943 2121 1104 2190 homines
1128 2141 1250 2188 eorum
1275 2124 1401 2191 barcas
1424 2125 1461 2191 et
1483 2121 1612 2192 lintres
1636 2125 1756 2192 traere
1780 2128 1817 2193 et
1841 2125 2010 2212 religare,
2028 2130 2065 2194 et
2088 2128 2186 2214 quic-

326 2273 410 2365 quid
434 2277 588 2346 voluerit
610 2278 705 2346 iusta
728 2278 844 2364 ipsum
867 2276 953 2346 litus
977 2279 1013 2343 et
1037 2277 1074 2344 in
1097 2277 1172 2364 ipso
1196 2277 1304 2345 litore
1326 2295 1458 2366 ponere
1482 2281 1518 2346 et
1541 2297 1692 2348 onerare
1715 2330 1722 2357 ,
1753 2283 1790 2348 et
1812 2285 1957 2367 portare
1980 2302 2045 2368 per
2067 2281 2183 2368 ipsum

326 2451 437 2510 mare,
462 2430 618 2519 qualiter
641 2430 804 2499 voluerit.
831 2431 966 2498 Sortem
989 2432 1129 2517 abipsa
1151 2433 1255 2518 parte
1270 2431 1534 2520 septemtrionis
1558 2432 1625 2500 feci
1654 2450 1719 2520 per
1733 2435 1822 2501 fines
1839 2438 1875 2501 et
1891 2453 2076 2502 mensuras
2093 2436 2184 2502 iusto

325 2605 431 2672 passu
454 2583 607 2654 hominis
630 2589 867 2654 mensuratas.
893 2587 924 2652 A
947 2588 1050 2672 parte
1074 2585 1238 2654 meridiei
1261 2588 1316 2654 est
1338 2586 1430 2666 finis,
1447 2585 1541 2653 sicut
1564 2585 1682 2654 media
1704 2587 1785 2688 ipsa
1798 2604 1874 2653 sors
1898 2605 1979 2654 cum
2003 2586 2074 2654 ista
2091 2590 2187 2654 sorte

328 2741 576 2808 conterminat.
601 2741 632 2807 A
655 2742 758 2827 parte
780 2737 973 2806 occidentis
996 2741 1050 2806 est
1072 2739 1182 2816 finis,
1219 2737 1377 2827 qualiter
1399 2738 1527 2826 incipit
1550 2759 1572 2806 a
1595 2739 1840 2827 suprascripto
1875 2741 2019 2808 vallone
2043 2741 2185 2818 maiori,

329 2895 447 2980 quod,
474 2897 514 2963 nt
535 2895 669 2964 dictum
693 2897 773 2972 est,
798 2893 951 2962 vicinius
974 2895 1028 2961 est
1050 2893 1118 2980 ipsi
1142 2894 1290 2962 ecclesie
1312 2894 1428 2962 sancti
1451 2893 1643 2972 zacharie,
1680 2896 1717 2961 et
1741 2893 1841 2962 vadit
1865 2914 1905 2961 us
1919 2915 1987 2982 que
2010 2895 2049 2962 in
2073 2895 2188 2962 allum
2312 2907 2317 2918 ·

330 3053 506 3118 vallonem
529 3051 671 3129 maius,
698 3050 869 3138 usquein
893 3051 1036 3117 vallone
1059 3068 1123 3136 per
1154 3048 1247 3139 quod
1271 3048 1367 3117 rivus
1390 3048 1496 3128 fluit,
1533 3049 1596 3138 qui
1619 3053 1874 3142 xeropotamus
1897 3050 2060 3127 dicitur,
2085 3051 2123 3116 in
2147 3069 2188 3116 eo

329 3207 404 3274 loco
426 3206 465 3274 in
489 3223 559 3294 quo
582 3205 676 3273 alter
700 3205 798 3272 rivus
822 3203 883 3292 qui
908 3203 1004 3272 venit
1027 3203 1073 3270 ab
1098 3203 1176 3289 ipsa
1199 3205 1303 3290 parte
1325 3203 1589 3290 septemtrionis
1612 3223 1693 3270 cum
1721 3204 1796 3292 ipso
1814 3206 2047 3291 xeropotamo
2069 3203 2189 3289 iungi-

329 3365 401 3430 tur.
427 3364 472 3429 Et
495 3360 594 3429 vadit
616 3377 679 3447 per
702 3359 857 3427 medium
880 3357 995 3446 ipsum
1019 3359 1224 3436 vallonem,
1262 3359 1382 3446 quod,
1408 3363 1449 3427 ut
1470 3359 1605 3427 dictum
1629 3361 1684 3426 est
1708 3405 1716 3436 ,
1749 3378 1831 3426 cum
1854 3359 1929 3446 ipso
1954 3361 2188 3446 xeropotamo

329 3517 506 3604 iungitur,
529 3517 623 3584 sicut
644 3517 760 3604 ipsum
785 3515 1139 3583 vallonem'revolvit
1161 3517 1198 3581 et
1221 3511 1383 3582 ascendit
1406 3531 1517 3600 usque
1540 3511 1578 3579 in
1602 3511 1761 3580 mediam
1786 3531 1952 3592 serram,
1978 3532 2046 3599 que
2072 3517 2127 3580 est
2151 3515 2188 3582 in

329 3670 418 3758 pede
440 3671 484 3738 de
506 3673 637 3748 monte,
663 3671 724 3756 qui
746 3669 879 3737 dicitur
901 3668 1082 3736 drodonis.
1108 3669 1153 3734 Et
1176 3671 1222 3734 ab
1245 3667 1323 3753 ipsa
1345 3684 1447 3734 serra
1470 3665 1652 3735 descendit
1674 3665 1712 3732 in
1736 3668 1931 3744 vallonem,
1949 3671 1986 3733 et
2009 3642 2112 3734 vadit
2124 3687 2188 3754 per

329 3827 445 3914 ipsum
457 3826 647 3902 vallonem,
672 3829 709 3892 et
721 3825 870 3892 dimittit
884 3825 987 3891 illum
1010 3825 1047 3891 et
1062 3822 1223 3892 ascendit
1234 3823 1272 3890 in
1295 3822 1409 3910 ipsam
1432 3825 1572 3910 partem
1588 3821 1783 3892 occidentis
1796 3841 1904 3911 usque
1920 3823 1959 3890 in
1974 3795 2124 3890 serram.
2144 3825 2190 3890 Et

330 3980 430 4048 vadit
441 3999 505 4067 per
516 3981 630 4068 ipsam
641 3997 790 4056 serram,
816 3981 853 4045 et
864 3977 1015 4046 dimittit
1036 3979 1151 4064 ipsam
1175 3995 1327 4054 serram,
1353 3980 1387 4046 et
1401 3976 1584 4045 descendit
1598 3996 1666 4064 per
1690 3977 1869 4044 vallonem
1893 3996 2004 4064 usque
2025 3975 2062 4044 in
2074 3977 2187 4046 alium

330 4137 506 4205 vallonem
518 4135 634 4202 maius
646 4137 682 4202 et
693 4133 899 4220 prevaricat
910 4131 1025 4220 ipsum
1038 4114 1231 4209 vallonem,
1246 4134 1282 4198 et
1294 4131 1455 4200 ascendit
1466 4131 1504 4200 in
1515 4131 1666 4219 plaiam.
1682 4134 1726 4199 Et
1737 4151 1802 4220 per
1813 4132 1927 4219 ipsam
1940 4133 2074 4219 plaiam
2088 4133 2189 4201 vadit

330 4291 369 4358 in
384 4291 523 4378 partem
546 4289 821 4375 septemtrionis,
835 4291 872 4354 et
894 4306 958 4374 per
969 4304 1108 4354 serram
1130 4285 1231 4373 parvi
1247 4283 1440 4364 monticoli,
1458 4287 1495 4352 et
1517 4285 1666 4353 dimittit
1678 4285 1792 4370 ipsam
1804 4303 1942 4355 serram
1956 4289 1994 4353 et
2007 4286 2189 4354 descendit

330 4444 368 4511 in
390 4445 529 4531 partem
551 4443 756 4512 occidentis
783 4445 827 4509 Et
849 4442 981 4509 iterum
1005 4441 1104 4509 vadit
1127 4438 1166 4508 in
1191 4440 1306 4528 ipsam
1330 4442 1470 4528 partem
1492 4440 1759 4528 septemtrionis
1794 4459 1858 4527 per
1893 4440 2049 4508 medium
2084 4442 2189 4510 valli-

324 4553 455 4666 tellum
479 4617 588 4686 usque
612 4599 650 4666 in
674 4599 850 4682 vallonem
874 4595 967 4682 quod
990 4594 1164 4674 discernit
1187 4596 1283 4663 inter
1307 4613 1535 4682 guaraczanu
1558 4597 1595 4662 et
1619 4593 1827 4662 uminianu.
1864 4595 1910 4662 Et
1931 4593 2002 4662 ista
2023 4613 2100 4662 sors
2123 4614 2189 4682 per

330 4755 441 4821 totam
465 4753 578 4840 ipsam
601 4754 740 4840 partem
763 4751 956 4819 occidentis
980 4749 1221 4818 conterminat
1244 4768 1325 4817 cum
1348 4751 1454 4818 rebus
1477 4750 1521 4818 de
1543 4759 1788 4834 guaraczana.
1814 4750 1868 4816 Ab
1884 4704 1969 4834 ipsa
1990 4751 2093 4834 parte
2109 4767 2188 4834 sep-

331 4907 529 4976 temtrionis
551 4909 606 4974 est
626 4906 707 4975 finis
729 4906 845 4993 ipsum
869 4904 1078 4982 vallonum,
1104 4902 1224 4983 quod,
1250 4904 1291 4971 ut
1312 4901 1447 4972 dictum
1469 4905 1550 4982 est,
1587 4902 1760 4972 discernit
1781 4901 1877 4969 inter
1899 4920 2127 4988 guaraczann
2151 4904 2187 4968 et

331 5063 545 5140 uminianu,
581 5064 618 5129 et
639 5064 723 5130 sunt
744 5079 809 5150 per
831 5059 945 5148 ipsam
967 5059 1073 5127 linem
1096 5058 1191 5145 passi
1214 5058 1375 5127 sexcenti
1400 5077 1510 5147 usque
1533 5058 1572 5125 in
1595 5057 1751 5126 medium
1781 5056 1929 5126 flubium
1952 5057 2015 5144 qui
2040 5057 2188 5143 tragina

331 5216 475 5285 dicitur.
511 5217 542 5284 A
565 5168 668 5303 parte
691 5215 840 5284 orientis
862 5217 917 5282 est
938 5213 1018 5283 finis
1042 5213 1178 5283 medius
1200 5211 1276 5299 ipse
1298 5212 1427 5281 dubius
1451 5211 1511 5298 qui
1535 5211 1710 5280 discernit
1732 5209 1828 5278 inter
1863 5213 1929 5278 has
1952 5228 2010 5277 res
2035 5212 2072 5276 et
2094 5209 2187 5278 alias

332 5390 390 5440 res
412 5389 547 5440 eornm.
574 5373 619 5440 Et
642 5369 703 5457 qui
726 5370 833 5438 istam
856 5372 987 5436 sortem
1013 5368 1336 5454 comprehenserit,
1362 5368 1498 5436 eteius
1522 5365 1670 5436 heredes
1694 5364 1879 5434 licentiam
1903 5366 2061 5433 habeant
2082 5365 2188 5433 iuxta

331 5526 417 5593 litus
439 5525 549 5593 maris
572 5525 670 5592 etin
693 5523 768 5611 ipso
791 5521 898 5590 litore
924 5521 983 5588 illi
1007 5524 1044 5590 et
1066 5521 1229 5591 homines
1252 5541 1374 5590 eornm
1398 5527 1526 5592 barcas
1560 5523 1597 5589 et
1619 5521 1747 5589 lintres
1770 5523 1917 5597 traere,
1957 5522 1994 5586 et
2016 5519 2186 5608 quicquid

331 5679 485 5747 voluerit
506 5677 611 5746 iuxta
633 5677 749 5765 ipsum
773 5675 860 5744 litus
883 5673 980 5743 etin
1003 5675 1079 5762 ipso
1102 5673 1207 5744 litore
1233 5693 1365 5762 ponere
1387 5677 1425 5742 et
1447 5675 1575 5742 barcas
1598 5677 1635 5742 et
1649 5673 1777 5742 lintres
1800 5674 1959 5760 religare
1982 5675 2019 5741 et
2033 5690 2186 5740 onerare

301 5867 306 5874 =
331 5835 369 5900 et
389 5835 536 5920 portare
559 5849 624 5919 per
646 5829 762 5918 ipsum
784 5847 911 5907 mare,
945 5815 1100 5917 qualiter
1124 5827 1319 5898 voluerint.
1345 5830 1390 5896 Et
1412 5829 1487 5916 ipse
1510 5827 1658 5898 domnus
1682 5827 1847 5916 princeps
1870 5828 1906 5894 et
1928 5826 2002 5894 dux
2026 5828 2063 5893 et
2088 5825 2187 5892 illius
