5454 7104
1254 490 1428 565 cobbx
1466 486 1724 563 cnvuusls

1337 751 1631 876 Mcr'cxvr

1339 1035 1398 1110 A.
1426 1033 1482 1108 D.
1512 1033 1636 1109 1049

601 1271 856 1340 Seminarium
882 1271 990 1336 buirus
1014 1271 1257 1337 instrumenti
1276 1271 1423 1356 penitius
1446 1270 1545 1336 orosi
1568 1289 1601 1336 a.
1694 1317 1695 1320 ,

598 1424 839 1516 †Tricesimo
862 1425 1018 1492 secundo
1043 1443 1136 1492 anuo
1158 1424 1382 1511 principatus
1405 1423 1629 1499 Guaimarii,
1666 1426 1702 1489 et
1736 1421 1921 1490 undecimo
1949 1420 2098 1489 ducatus
2123 1420 2334 1508 Amelpbiae
2368 1427 2406 1492 et

557 1578 727 1656 Sirrcnti,
752 1600 794 1648 ac
817 1584 943 1647 octavo
967 1599 1059 1647 auno
1081 1581 1203 1648 Gisultl
1225 1580 1291 1646 filii
1314 1581 1403 1652 eius,
1431 1596 1552 1646 mense
1575 1577 1729 1654 Octobri,
1754 1574 1864 1642 tertia
1887 1571 2094 1643 indictione.

601 1733 686 1801 Poto
710 1733 908 1810 Castaldus,
933 1732 1168 1800 annuentibus
1191 1735 1360 1800 Mansone
1384 1734 1421 1798 et
1443 1731 1558 1798 Leone
1582 1729 1785 1818 comitibus,
1799 1730 1871 1796 dua
1893 1727 2097 1796 molendina
2120 1747 2201 1796 cum
2224 1749 2328 1815 agro,
2353 1749 2417 1798 ar-

555 1887 671 1955 bustis
694 1889 731 1954 et
755 1884 892 1958 vineis,
907 1886 948 1952 in
971 1887 1114 1954 flumine
1138 1886 1268 1971 Lyrino
1292 1881 1419 1970 posita,
1445 1884 1539 1970 apud
1563 1847 1750 1959 ecclesiam
1773 1902 1803 1950 s
1828 1881 1993 1970 Viti,per
2016 1901 2126 1951 annos
2149 1885 2302 1969 quatuor
2324 1902 2407 1950 con·

558 2041 650 2110 cedit
674 2041 759 2108 Urso
782 2040 860 2107 dlio
884 2039 1062 2128 quondam
1078 2040 1211 2107 Leonis
1234 2038 1430 2116 Gusentini,
1448 2001 1677 2136 Constantius
1699 2005 1770 2111 ubo
1794 2036 1971 2126 quondam
1995 2032 2115 2104 Basilii
2139 2039 2176 2102 et
2199 2037 2305 2104 Leoni
2338 2035 2413 2103 filio

562 2194 740 2282 quondam
765 2193 875 2272 Petri,
901 2193 1158 2280 Neapolitanis,
1185 2192 1306 2279 quiin
1330 2149 1527 2260 Natiuitate
1550 2196 1586 2258 et
1609 2191 1646 2258 in
1670 2191 1940 2260 Resurrectione
1963 2191 2099 2258 Domini
2122 2191 2311 2284 quotannis
2335 2192 2414 2260 red-

557 2347 650 2414 dere
670 2365 708 2414 se
729 2345 893 2432 obligant
916 2349 991 2415 duo
1011 2348 1126 2432 paria
1149 2348 1193 2413 de
1216 2347 1330 2414 oblate
1353 2364 1453 2412 coac.

608 2499 714 2566 Finis
738 2501 875 2566 rectas.-
899 2501 1012 2575 Quam
1034 2494 1158 2584 scripsi
1183 2517 1249 2584 ego
1273 2496 1435 2566 ademari
1461 2495 1636 2564 notarius.

602 2651 727 2742 J[ligo
752 2651 956 2724 romoaldus
980 2671 1036 2720 me
1059 2653 1268 2740 subscripsi.

599 2803 626 2897 †
653 2809 726 2893 Ego
749 2811 877 2892 petrus
901 2805 1064 2872 notarius
1089 2825 1152 2874 me
1168 2808 1377 2896 subscripsi.
1610 2897 1627 2942 ι

1326 3255 1641 3340 MCXXVII

1341 3507 1401 3584 A.
1429 3505 1486 3582 D.
1514 3507 1639 3583 1049

612 3761 639 3854 †
668 3763 703 3829 In
728 3765 871 3833 nomine
903 3761 1034 3835 domini
1058 3767 1236 3836 tricesimo
1258 3771 1414 3839 secundo
1437 3789 1531 3839 anno
1553 3772 1774 3859 principatus
1797 3773 1917 3841 domui
1939 3775 2145 3860 guaimari,
2170 3777 2206 3842 ct
2229 3775 2422 3849 Undecimo

557 3933 651 3984 anno
674 3915 824 3987 ducatus
847 3919 922 3987 eius
945 3921 1065 3988 amalfi
1088 3924 1124 3988 et
1146 3923 1322 4002 sirrenti,
1363 3927 1400 3990 ct
1421 3926 1542 3992 octabo
1566 3943 1659 3992 anno
1691 3925 1914 4013 principatus
1947 3929 1985 3995 ct
2018 3927 2175 4014 ipsorum
2209 3928 2417 4000 ducatuum

561 4069 681 4174 domni
703 4073 824 4159 gisulfi
846 4071 923 4142 eius
944 4074 1025 4154 fllii,
1050 4074 1175 4142 eximii
1194 4075 1371 4168 principis
1393 4081 1432 4145 et
1453 4078 1578 4157 ducis,
1604 4043 1723 4148 mense
1746 4081 1944 4160 december,
1969 4082 2077 4150 tertia
2099 4082 2310 4152 indictione.
2339 4087 2421 4172 Ego

560 4225 733 4294 Iohannes
756 4227 882 4314 gratia
907 4225 964 4295 dci
988 4229 1097 4297 abbas
1127 4231 1336 4300 monasterii
1358 4234 1482 4299 sancte
1504 4233 1614 4310 sofle,
1654 4233 1746 4320 quod
1770 4237 2011 4304 constructum
2046 4237 2100 4304 est
2123 4195 2219 4306 intus
2243 4237 2340 4307 cibes
2362 4258 2419 4308 sa·

560 4378 661 4446 lerno
684 4378 722 4446 in
744 4382 850 4448 rebus
873 4379 997 4450 domni
1020 4383 1163 4470 paldolfl
1186 4384 1326 4453 comitis
1348 4386 1414 4454 filii
1440 4404 1528 4454 vcne
1551 4389 1721 4455 memorie
1743 4387 1863 4456 domni
1887 4389 2081 4478 guaimarii
2105 4390 2306 4478 principis,
2332 4395 2418 4460 ante

561 4531 751 4620 subscripti
774 4537 881 4602 testes
904 4555 972 4622 per
994 4537 1304 4616 combenientiam,
1330 4558 1395 4627 per
1418 4539 1728 4608 demandationem
1751 4541 1862 4628 ipsius
1884 4541 2006 4609 domni
2027 4539 2195 4628 peldolfl,
2221 4561 2284 4629 pro
2308 4547 2412 4631 parte

561 4685 672 4774 ipsius
695 4689 902 4758 monasterii
924 4692 961 4757 et
983 4709 1048 4778 pro
1072 4693 1176 4778 parte
1200 4691 1363 4760 mulieris
1387 4693 1528 4761 nomine
1550 4713 1701 4782 gemme,
1720 4713 1788 4782 que
1811 4693 1880 4763 suit
1902 4713 2014 4764 uxore
2037 4695 2155 4763 domni
2179 4695 2334 4782 guaiferi
2354 4717 2412 4766 co·

562 4840 684 4922 mitis,
716 4843 867 4912 tradidit
889 4844 1038 4914 iohanni
1060 4846 1134 4914 filio
1158 4845 1241 4916 voni
1263 4846 1307 4915 de
1330 4849 1454 4914 sancto
1479 4846 1661 4914 marciano
1685 4843 1800 4915 tribus
1823 4847 1922 4934 pecie
1955 4847 1999 4915 do
2022 4847 2130 4916 terris
2156 4867 2237 4917 cum
2260 4853 2410 4918 arbusta

565 4995 688 5076 bitata,
714 4999 806 5086 quod
829 5017 914 5086 pars
935 4998 1046 5086 ipsius
1069 4997 1278 5068 monasterii
1302 5003 1339 5067 et
1362 4999 1441 5086 ipsa
1463 5019 1606 5085 gemma
1629 5001 1711 5068 abet
1734 4999 1770 5068 iu
1793 5001 1909 5069 locum
1933 5001 2154 5070 balentinum
2178 5003 2307 5070 fluibus
2333 5021 2414 5071 sar-

564 5150 695 5218 nensis.
733 5151 855 5218 Prima
877 5152 979 5238 pecia
1002 5171 1067 5240 per
1089 5171 1129 5220 eo
1151 5153 1245 5221 finis:
1270 5152 1314 5222 de
1337 5170 1384 5220 ex
1408 5123 1505 5221 omni
1527 5156 1631 5239 parte
1653 5153 1722 5221 flue
1745 5153 1856 5240 ipsius
1879 5154 2087 5224 monasterii
2122 5157 2159 5222 et
2181 5153 2292 5241 ipsius
2320 5173 2424 5243 gem-

565 5323 634 5372 me:
659 5323 682 5372 a
704 5307 806 5392 parte
828 5305 1021 5374 occidentis
1042 5307 1111 5374 dne
1135 5265 1194 5376 bia
1217 5307 1312 5394 passi
1336 5307 1502 5375 tridecim
1525 5308 1561 5374 et
1584 5308 1752 5375 medium:
1769 5326 1793 5375 a
1814 5307 2067 5375 sebtemtrione
2090 5307 2185 5394 passi
2208 5307 2375 5394 triginta:
2400 5327 2423 5376 a

566 5460 668 5546 parte
690 5457 838 5526 orientis
862 5459 958 5545 passi
980 5460 1164 5529 duodecim
1187 5463 1224 5529 et
1246 5479 1269 5528 a
1292 5459 1444 5528 meridie
1467 5459 1563 5546 passi
1585 5459 1751 5546 triginta.
1777 5460 1939 5529 Smunda
1961 5460 2063 5546 pecia
2087 5479 2150 5547 per
2173 5479 2214 5528 ec
2235 5461 2315 5530 fluis
2342 5484 2350 5529 :
2374 5463 2419 5530 de

567 5627 613 5676 ex
636 5611 731 5678 omni
753 5613 857 5698 parte
878 5612 945 5680 fine
968 5613 1080 5700 ipsius
1103 5614 1313 5682 monasterii
1338 5617 1375 5681 et
1397 5613 1509 5700 ipsius
1531 5631 1688 5700 gemme:
1712 5633 1735 5682 a
1758 5617 1861 5702 parte
1884 5612 2032 5681 meridie
2055 5615 2149 5700 passi
2172 5583 2410 5702 quadtuorde·

565 5761 635 5868 cim
658 5765 695 5829 et
716 5763 885 5832 medium:
910 5784 933 5833 a
954 5769 1057 5862 parte
1079 5766 1228 5836 orientis
1251 5769 1354 5854 passi
1372 5765 1613 5854 quadraginta
1627 5768 1722 5846 trex,
1737 5766 1774 5832 et
1796 5785 1819 5834 a
1842 5769 1944 5853 parte
1967 5767 2232 5836 sebtemtriouis
2247 5769 2342 5855 passi
2358 5767 2418 5836 de-
