<?xml version="1.0" encoding="UTF-8"?>
<!DOCTYPE html PUBLIC "-//W3C//DTD XHTML 1.0 Transitional//EN"
    "http://www.w3.org/TR/xhtml1/DTD/xhtml1-transitional.dtd">
<html xmlns="http://www.w3.org/1999/xhtml" xml:lang="en" lang="en">
 <head>
  <title>
</title>
<meta http-equiv="Content-Type" content="text/html;charset=utf-8" />
  <meta name='ocr-system' content='tesseract 3.04.00' />
  <meta name='ocr-capabilities' content='ocr_page ocr_carea ocr_par ocr_line ocrx_word'/>
</head>
<body>
  <div class='ocr_page' id='page_1' title='image "./codexdiplomatic01aragoog_0261.png"; bbox 0 0 5398 7106; ppageno 0'>
   <div class='ocr_carea' id='block_1_1' title="bbox 1036 449 2115 528">
    <p class='ocr_par' dir='ltr' id='par_1_1' title="bbox 1036 449 2115 528">
     <span class='ocr_line' id='line_1_1' title="bbox 1036 449 2115 528; baseline 0.006 -8"><span class='ocrx_word' id='word_1_1' title='bbox 1036 449 1439 528; x_wconf 76' lang='lat' dir='ltr'>ulruuulslcus</span> <span class='ocrx_word' id='word_1_2' title='bbox 1983 477 1987 486; x_wconf 85' lang='lat'>·</span> <span class='ocrx_word' id='word_1_3' title='bbox 2047 455 2115 528; x_wconf 71' lang='lat'>225</span> 
     </span>
    </p>
   </div>
   <div class='ocr_carea' id='block_1_2' title="bbox 224 641 2251 5038">
    <p class='ocr_par' dir='ltr' id='par_1_2' title="bbox 224 641 2251 5038">
     <span class='ocr_line' id='line_1_2' title="bbox 311 641 2163 734; baseline 0.003 -26"><span class='ocrx_word' id='word_1_4' title='bbox 311 643 407 710; x_wconf 83' lang='lat' dir='ltr'>inira</span> <span class='ocrx_word' id='word_1_5' title='bbox 429 641 505 728; x_wconf 86' lang='lat' dir='ltr'>ipso</span> <span class='ocrx_word' id='word_1_6' title='bbox 528 644 723 712; x_wconf 87' lang='lat' dir='ltr'>constituto</span> <span class='ocrx_word' id='word_1_7' title='bbox 745 643 926 712; x_wconf 88' lang='lat' dir='ltr'>noluerint</span> <span class='ocrx_word' id='word_1_8' title='bbox 949 642 1029 711; x_wconf 92' lang='lat' dir='ltr'>illos</span> <span class='ocrx_word' id='word_1_9' title='bbox 1053 662 1170 712; x_wconf 88' lang='lat' dir='ltr'>emere</span> <span class='ocrx_word' id='word_1_10' title='bbox 1193 663 1274 712; x_wconf 90' lang='lat' dir='ltr'>cum</span> <span class='ocrx_word' id='word_1_11' title='bbox 1313 644 1404 712; x_wconf 90' lang='lat' dir='ltr'>iusto</span> <span class='ocrx_word' id='word_1_12' title='bbox 1429 645 1597 732; x_wconf 86' lang='lat' dir='ltr'>pretium,</span> <span class='ocrx_word' id='word_1_13' title='bbox 1623 645 1732 714; x_wconf 89' lang='lat' dir='ltr'>liceat</span> <span class='ocrx_word' id='word_1_14' title='bbox 1754 645 1840 713; x_wconf 91' lang='lat' dir='ltr'>illos</span> <span class='ocrx_word' id='word_1_15' title='bbox 1863 647 1957 734; x_wconf 88' lang='lat' dir='ltr'>ipsos</span> <span class='ocrx_word' id='word_1_16' title='bbox 1993 647 2081 716; x_wconf 85' lang='lat' dir='ltr'>dare</span> <span class='ocrx_word' id='word_1_17' title='bbox 2104 646 2163 714; x_wconf 91' lang='lat' dir='ltr'>cui</span> 
     </span>
     <span class='ocr_line' id='line_1_3' title="bbox 308 789 2158 890; baseline 0.002 -26"><span class='ocrx_word' id='word_1_18' title='bbox 308 795 498 864; x_wconf 88' lang='lat' dir='ltr'>boluerint.</span> <span class='ocrx_word' id='word_1_19' title='bbox 524 799 613 864; x_wconf 88' lang='lat' dir='ltr'>Nam</span> <span class='ocrx_word' id='word_1_20' title='bbox 637 800 666 866; x_wconf 81' lang='lat' dir='ltr'>s‘i</span> <span class='ocrx_word' id='word_1_21' title='bbox 689 800 773 866; x_wconf 88' lang='lat' dir='ltr'>ante</span> <span class='ocrx_word' id='word_1_22' title='bbox 796 797 872 885; x_wconf 92' lang='lat' dir='ltr'>ipso</span> <span class='ocrx_word' id='word_1_23' title='bbox 895 798 1085 868; x_wconf 86' lang='lat' dir='ltr'>constituto</span> <span class='ocrx_word' id='word_1_24' title='bbox 1108 801 1182 868; x_wconf 89' lang='lat' dir='ltr'>sine</span> <span class='ocrx_word' id='word_1_25' title='bbox 1205 798 1304 866; x_wconf 89' lang='lat' dir='ltr'>illius</span> <span class='ocrx_word' id='word_1_26' title='bbox 1327 801 1511 870; x_wconf 89' lang='lat' dir='ltr'>voluntate</span> <span class='ocrx_word' id='word_1_27' title='bbox 1533 799 1746 888; x_wconf 91' lang='lat' dir='ltr'>cuicumque</span> <span class='ocrx_word' id='word_1_28' title='bbox 1770 819 1834 886; x_wconf 89' lang='lat' dir='ltr'>per</span> <span class='ocrx_word' id='word_1_29' title='bbox 1858 789 2158 890; x_wconf 82' lang='lat' dir='ltr'>qualemcumque</span> 
     </span>
     <span class='ocr_line' id='line_1_4' title="bbox 240 913 2251 1042; baseline 0.001 -24"><span class='ocrx_word' id='word_1_30' title='bbox 240 1014 242 1018; x_wconf 79' lang='grc'>,</span> <span class='ocrx_word' id='word_1_31' title='bbox 306 947 480 1019; x_wconf 85' lang='grc'><strong>00110000</strong></span> <span class='ocrx_word' id='word_1_32' title='bbox 502 950 633 1020; x_wconf 77' lang='lat' dir='ltr'>exinde</span> <span class='ocrx_word' id='word_1_33' title='bbox 656 913 836 1029; x_wconf 81' lang='lat' dir='ltr'>dederint,</span> <span class='ocrx_word' id='word_1_34' title='bbox 853 955 938 1021; x_wconf 91' lang='lat' dir='ltr'>tunc</span> <span class='ocrx_word' id='word_1_35' title='bbox 964 951 1045 1020; x_wconf 89' lang='lat' dir='ltr'>illos</span> <span class='ocrx_word' id='word_1_36' title='bbox 1069 972 1138 1041; x_wconf 91' lang='lat' dir='ltr'>que</span> <span class='ocrx_word' id='word_1_37' title='bbox 1161 953 1291 1022; x_wconf 84' lang='lat' dir='ltr'>exinde</span> <span class='ocrx_word' id='word_1_38' title='bbox 1329 955 1452 1022; x_wconf 89' lang='lat' dir='ltr'>datum</span> <span class='ocrx_word' id='word_1_39' title='bbox 1479 956 1543 1022; x_wconf 86' lang='grc'>001</span> <span class='ocrx_word' id='word_1_40' title='bbox 1565 954 1764 1040; x_wconf 84' lang='lat' dir='ltr'>obligatum</span> <span class='ocrx_word' id='word_1_41' title='bbox 1787 953 1963 1041; x_wconf 88' lang='lat' dir='ltr'>paruerit,</span> <span class='ocrx_word' id='word_1_42' title='bbox 1977 938 2071 1022; x_wconf 86' lang='lat' dir='ltr'>sicut</span> <span class='ocrx_word' id='word_1_43' title='bbox 2093 975 2158 1042; x_wconf 91' lang='lat' dir='ltr'>per</span> <span class='ocrx_word' id='word_1_44' title='bbox 2244 931 2251 944; x_wconf 54' lang='lat'><em>⁶</em></span> 
     </span>
     <span class='ocr_line' id='line_1_5' title="bbox 306 1103 2162 1194; baseline 0.004 -25"><span class='ocrx_word' id='word_1_45' title='bbox 306 1103 510 1172; x_wconf 80' lang='lat' dir='ltr'>vinditionis</span> <span class='ocrx_word' id='word_1_46' title='bbox 524 1106 720 1184; x_wconf 80' lang='lat' dir='ltr'>cartulam,</span> <span class='ocrx_word' id='word_1_47' title='bbox 748 1108 944 1174; x_wconf 87' lang='lat' dir='ltr'>reverteret</span> <span class='ocrx_word' id='word_1_48' title='bbox 966 1106 1012 1174; x_wconf 89' lang='lat' dir='ltr'>ad</span> <span class='ocrx_word' id='word_1_49' title='bbox 1035 1107 1210 1192; x_wconf 77' lang='lat' dir='ltr'>potestate</span> <span class='ocrx_word' id='word_1_50' title='bbox 1233 1125 1300 1174; x_wconf 87' lang='lat' dir='ltr'>sua</span> <span class='ocrx_word' id='word_1_51' title='bbox 1322 1107 1380 1172; x_wconf 88' lang='lat' dir='ltr'>vel</span> <span class='ocrx_word' id='word_1_52' title='bbox 1404 1107 1462 1174; x_wconf 90' lang='grc'>001</span> <span class='ocrx_word' id='word_1_53' title='bbox 1485 1125 1550 1193; x_wconf 88' lang='lat' dir='ltr'>per</span> <span class='ocrx_word' id='word_1_54' title='bbox 1574 1125 1654 1174; x_wconf 87' lang='lat' dir='ltr'>eum</span> <span class='ocrx_word' id='word_1_55' title='bbox 1678 1107 1786 1174; x_wconf 86' lang='lat' dir='ltr'>luerit</span> <span class='ocrx_word' id='word_1_56' title='bbox 1819 1107 2032 1194; x_wconf 82' lang='lat' dir='ltr'>obligatum,</span> <span class='ocrx_word' id='word_1_57' title='bbox 2064 1109 2162 1186; x_wconf 90' lang='lat' dir='ltr'>omni</span> 
     </span>
     <span class='ocr_line' id='line_1_6' title="bbox 308 1257 2154 1352; baseline 0.002 -27"><span class='ocrx_word' id='word_1_58' title='bbox 308 1261 466 1344; x_wconf 83' lang='lat' dir='ltr'>tempore</span> <span class='ocrx_word' id='word_1_59' title='bbox 488 1259 685 1328; x_wconf 85' lang='lat' dir='ltr'>firmissime</span> <span class='ocrx_word' id='word_1_60' title='bbox 709 1261 924 1352; x_wconf 87' lang='lat' dir='ltr'>habendum:</span> <span class='ocrx_word' id='word_1_61' title='bbox 949 1263 1070 1347; x_wconf 87' lang='lat' dir='ltr'>preter</span> <span class='ocrx_word' id='word_1_62' title='bbox 1092 1261 1124 1329; x_wconf 91' lang='lat' dir='ltr'>si</span> <span class='ocrx_word' id='word_1_63' title='bbox 1147 1261 1190 1328; x_wconf 91' lang='lat' dir='ltr'>de</span> <span class='ocrx_word' id='word_1_64' title='bbox 1213 1261 1292 1347; x_wconf 89' lang='lat' dir='ltr'>ipsa</span> <span class='ocrx_word' id='word_1_65' title='bbox 1316 1259 1507 1328; x_wconf 84' lang='lat' dir='ltr'>medietate</span> <span class='ocrx_word' id='word_1_66' title='bbox 1530 1260 1570 1328; x_wconf 92' lang='lat' dir='ltr'>in</span> <span class='ocrx_word' id='word_1_67' title='bbox 1592 1257 1751 1328; x_wconf 86' lang='lat' dir='ltr'>ecclesiis</span> <span class='ocrx_word' id='word_1_68' title='bbox 1766 1260 1906 1330; x_wconf 86' lang='lat' dir='ltr'>offerire</span> <span class='ocrx_word' id='word_1_69' title='bbox 1930 1263 2154 1341; x_wconf 74' lang='grc'><strong>0010001111-</strong></span> 
     </span>
     <span class='ocr_line' id='line_1_7' title="bbox 307 1383 2161 1502; baseline 0.001 -23"><span class='ocrx_word' id='word_1_70' title='bbox 307 1383 732 1482; x_wconf 81' lang='grc'><strong>00001111010000100110</strong></span> <span class='ocrx_word' id='word_1_71' title='bbox 755 1415 895 1482; x_wconf 80' lang='lat' dir='ltr'>offerire</span> <span class='ocrx_word' id='word_1_72' title='bbox 919 1413 963 1482; x_wconf 89' lang='lat' dir='ltr'>de</span> <span class='ocrx_word' id='word_1_73' title='bbox 987 1412 1064 1500; x_wconf 88' lang='lat' dir='ltr'>ipsa</span> <span class='ocrx_word' id='word_1_74' title='bbox 1087 1415 1188 1481; x_wconf 88' lang='lat' dir='ltr'>terra</span> <span class='ocrx_word' id='word_1_75' title='bbox 1204 1431 1319 1482; x_wconf 90' lang='lat' dir='ltr'>vacua</span> <span class='ocrx_word' id='word_1_76' title='bbox 1341 1413 1385 1480; x_wconf 92' lang='lat' dir='ltr'>de</span> <span class='ocrx_word' id='word_1_77' title='bbox 1408 1413 1483 1500; x_wconf 91' lang='lat' dir='ltr'>ipso</span> <span class='ocrx_word' id='word_1_78' title='bbox 1506 1413 1742 1482; x_wconf 89' lang='lat' dir='ltr'>locolocubia</span> <span class='ocrx_word' id='word_1_79' title='bbox 1766 1433 1877 1502; x_wconf 87' lang='lat' dir='ltr'>usque</span> <span class='ocrx_word' id='word_1_80' title='bbox 1899 1413 2035 1482; x_wconf 89' lang='lat' dir='ltr'>duobus</span> <span class='ocrx_word' id='word_1_81' title='bbox 2051 1413 2161 1481; x_wconf 91' lang='lat' dir='ltr'>modii</span> 
     </span>
     <span class='ocr_line' id='line_1_8' title="bbox 306 1564 2241 1655; baseline -0.002 -20"><span class='ocrx_word' id='word_1_82' title='bbox 306 1568 419 1636; x_wconf 84' lang='lat' dir='ltr'>tritici</span> <span class='ocrx_word' id='word_1_83' title='bbox 441 1568 699 1647; x_wconf 86' lang='lat' dir='ltr'>seminationis,</span> <span class='ocrx_word' id='word_1_84' title='bbox 725 1571 761 1636; x_wconf 88' lang='lat' dir='ltr'>et</span> <span class='ocrx_word' id='word_1_85' title='bbox 784 1569 827 1636; x_wconf 89' lang='lat' dir='ltr'>de</span> <span class='ocrx_word' id='word_1_86' title='bbox 852 1571 926 1655; x_wconf 88' lang='lat' dir='ltr'>ipse</span> <span class='ocrx_word' id='word_1_87' title='bbox 950 1570 1047 1636; x_wconf 88' lang='lat' dir='ltr'>terre</span> <span class='ocrx_word' id='word_1_88' title='bbox 1072 1585 1183 1636; x_wconf 88' lang='lat' dir='ltr'>vacue</span> <span class='ocrx_word' id='word_1_89' title='bbox 1206 1567 1250 1635; x_wconf 91' lang='lat' dir='ltr'>de</span> <span class='ocrx_word' id='word_1_90' title='bbox 1274 1565 1468 1652; x_wconf 87' lang='lat' dir='ltr'>bospanicu</span> <span class='ocrx_word' id='word_1_91' title='bbox 1494 1584 1604 1653; x_wconf 84' lang='lat' dir='ltr'>usque</span> <span class='ocrx_word' id='word_1_92' title='bbox 1628 1565 1743 1633; x_wconf 90' lang='lat' dir='ltr'>tribus</span> <span class='ocrx_word' id='word_1_93' title='bbox 1768 1565 1886 1633; x_wconf 87' lang='lat' dir='ltr'>modia</span> <span class='ocrx_word' id='word_1_94' title='bbox 1909 1565 2024 1632; x_wconf 89' lang='lat' dir='ltr'>tritici</span> <span class='ocrx_word' id='word_1_95' title='bbox 2057 1564 2161 1632; x_wconf 84' lang='lat' dir='ltr'>semi·</span> <span class='ocrx_word' id='word_1_96' title='bbox 2236 1575 2241 1586; x_wconf 88' lang='lat'><em>&#39;</em></span> 
     </span>
     <span class='ocr_line' id='line_1_9' title="bbox 307 1719 2155 1810; baseline -0.001 -20"><span class='ocrx_word' id='word_1_97' title='bbox 307 1722 473 1800; x_wconf 84' lang='lat' dir='ltr'>nationis,</span> <span class='ocrx_word' id='word_1_98' title='bbox 497 1726 535 1790; x_wconf 90' lang='lat' dir='ltr'>et</span> <span class='ocrx_word' id='word_1_99' title='bbox 557 1723 600 1790; x_wconf 91' lang='lat' dir='ltr'>de</span> <span class='ocrx_word' id='word_1_100' title='bbox 624 1725 729 1791; x_wconf 89' lang='lat' dir='ltr'>rebus</span> <span class='ocrx_word' id='word_1_101' title='bbox 751 1723 830 1810; x_wconf 89' lang='lat' dir='ltr'>ipsa</span> <span class='ocrx_word' id='word_1_102' title='bbox 852 1721 896 1790; x_wconf 91' lang='grc'>10</span> <span class='ocrx_word' id='word_1_103' title='bbox 919 1721 1044 1808; x_wconf 88' lang='lat' dir='ltr'>apulia</span> <span class='ocrx_word' id='word_1_104' title='bbox 1066 1723 1196 1790; x_wconf 84' lang='lat' dir='ltr'>finibus</span> <span class='ocrx_word' id='word_1_105' title='bbox 1223 1773 1528 1790; x_wconf 90' lang='grc'><strong>.........</strong></span> <span class='ocrx_word' id='word_1_106' title='bbox 1557 1724 1729 1808; x_wconf 86' lang='lat' dir='ltr'>quattuor</span> <span class='ocrx_word' id='word_1_107' title='bbox 1752 1721 1871 1788; x_wconf 87' lang='lat' dir='ltr'>modia</span> <span class='ocrx_word' id='word_1_108' title='bbox 1893 1719 2155 1790; x_wconf 81' lang='lat' dir='ltr'>seminationis.</span> 
     </span>
     <span class='ocr_line' id='line_1_10' title="bbox 305 1874 2150 1962; baseline 0 -18"><span class='ocrx_word' id='word_1_109' title='bbox 305 1877 395 1944; x_wconf 90' lang='lat' dir='ltr'>Nam</span> <span class='ocrx_word' id='word_1_110' title='bbox 419 1877 494 1944; x_wconf 91' lang='lat' dir='ltr'>alia</span> <span class='ocrx_word' id='word_1_111' title='bbox 516 1896 639 1944; x_wconf 88' lang='lat' dir='ltr'>omnes</span> <span class='ocrx_word' id='word_1_112' title='bbox 663 1880 769 1946; x_wconf 87' lang='lat' dir='ltr'>rebus</span> <span class='ocrx_word' id='word_1_113' title='bbox 793 1881 830 1944; x_wconf 91' lang='lat' dir='ltr'>et</span> <span class='ocrx_word' id='word_1_114' title='bbox 852 1877 945 1945; x_wconf 87' lang='lat' dir='ltr'>casis</span> <span class='ocrx_word' id='word_1_115' title='bbox 968 1878 1005 1943; x_wconf 89' lang='grc'>01</span> <span class='ocrx_word' id='word_1_116' title='bbox 1026 1877 1140 1944; x_wconf 90' lang='lat' dir='ltr'>sorbis</span> <span class='ocrx_word' id='word_1_117' title='bbox 1164 1878 1200 1944; x_wconf 88' lang='grc'>01</span> <span class='ocrx_word' id='word_1_118' title='bbox 1223 1875 1365 1945; x_wconf 86' lang='grc'><strong>00011110</strong></span> <span class='ocrx_word' id='word_1_119' title='bbox 1388 1879 1425 1944; x_wconf 91' lang='grc'>01</span> <span class='ocrx_word' id='word_1_120' title='bbox 1448 1876 1637 1944; x_wconf 81' lang='lat' dir='ltr'>movilibus</span> <span class='ocrx_word' id='word_1_121' title='bbox 1661 1877 1737 1944; x_wconf 91' lang='lat' dir='ltr'>eius</span> <span class='ocrx_word' id='word_1_122' title='bbox 1760 1895 1825 1962; x_wconf 90' lang='lat' dir='ltr'>per</span> <span class='ocrx_word' id='word_1_123' title='bbox 1848 1875 1911 1942; x_wconf 91' lang='lat' dir='ltr'>illo</span> <span class='ocrx_word' id='word_1_124' title='bbox 1927 1874 2076 1944; x_wconf 87' lang='lat' dir='ltr'>hordine</span> <span class='ocrx_word' id='word_1_125' title='bbox 2100 1879 2150 1944; x_wconf 87' lang='lat' dir='ltr'>ha</span> 
     </span>
     <span class='ocr_line' id='line_1_11' title="bbox 305 2005 2161 2116; baseline -0.001 -20"><span class='ocrx_word' id='word_1_126' title='bbox 305 2031 438 2107; x_wconf 86' lang='lat' dir='ltr'>beraut,</span> <span class='ocrx_word' id='word_1_127' title='bbox 462 2030 556 2097; x_wconf 90' lang='lat' dir='ltr'>sicut</span> <span class='ocrx_word' id='word_1_128' title='bbox 578 2005 710 2097; x_wconf 86' lang='lat' dir='ltr'>dictum</span> <span class='ocrx_word' id='word_1_129' title='bbox 734 2032 825 2106; x_wconf 88' lang='lat' dir='ltr'>erat,</span> <span class='ocrx_word' id='word_1_130' title='bbox 839 2032 933 2097; x_wconf 86' lang='lat' dir='ltr'>sicut</span> <span class='ocrx_word' id='word_1_131' title='bbox 955 2029 1033 2116; x_wconf 89' lang='lat' dir='ltr'>ipsa</span> <span class='ocrx_word' id='word_1_132' title='bbox 1056 2032 1159 2098; x_wconf 87' lang='lat' dir='ltr'>carta</span> <span class='ocrx_word' id='word_1_133' title='bbox 1183 2031 1354 2105; x_wconf 87' lang='lat' dir='ltr'>continet,</span> <span class='ocrx_word' id='word_1_134' title='bbox 1379 2028 1548 2116; x_wconf 83' lang='lat' dir='ltr'>scriptam</span> <span class='ocrx_word' id='word_1_135' title='bbox 1565 2047 1628 2115; x_wconf 85' lang='lat' dir='ltr'>per</span> <span class='ocrx_word' id='word_1_136' title='bbox 1652 2031 1792 2116; x_wconf 89' lang='lat' dir='ltr'>petrum</span> <span class='ocrx_word' id='word_1_137' title='bbox 1816 2029 2010 2106; x_wconf 84' lang='lat' dir='ltr'>notarium,</span> <span class='ocrx_word' id='word_1_138' title='bbox 2026 2029 2064 2096; x_wconf 91' lang='lat' dir='ltr'>in</span> <span class='ocrx_word' id='word_1_139' title='bbox 2088 2047 2161 2116; x_wconf 87' lang='lat' dir='ltr'>qua</span> 
     </span>
     <span class='ocr_line' id='line_1_12' title="bbox 305 2133 2161 2280; baseline -0.001 -30"><span class='ocrx_word' id='word_1_140' title='bbox 305 2183 496 2270; x_wconf 81' lang='lat' dir='ltr'>subscripti</span> <span class='ocrx_word' id='word_1_141' title='bbox 519 2185 605 2250; x_wconf 88' lang='lat' dir='ltr'>sunt</span> <span class='ocrx_word' id='word_1_142' title='bbox 627 2183 703 2269; x_wconf 90' lang='lat' dir='ltr'>ipse</span> <span class='ocrx_word' id='word_1_143' title='bbox 726 2183 880 2280; x_wconf 84' lang='lat' dir='ltr'>andreas</span> <span class='ocrx_word' id='word_1_144' title='bbox 902 2185 939 2249; x_wconf 87' lang='lat' dir='ltr'>et</span> <span class='ocrx_word' id='word_1_145' title='bbox 953 2182 1069 2268; x_wconf 88' lang='lat' dir='ltr'>pando</span> <span class='ocrx_word' id='word_1_146' title='bbox 1094 2133 1135 2248; x_wconf 89' lang='lat' dir='ltr'>et</span> <span class='ocrx_word' id='word_1_147' title='bbox 1152 2183 1366 2252; x_wconf 86' lang='lat' dir='ltr'>lambertus.</span> <span class='ocrx_word' id='word_1_148' title='bbox 1407 2182 1568 2252; x_wconf 84' lang='lat' dir='ltr'>Secunda</span> <span class='ocrx_word' id='word_1_149' title='bbox 1591 2183 1636 2250; x_wconf 92' lang='lat' dir='ltr'>de</span> <span class='ocrx_word' id='word_1_150' title='bbox 1659 2185 1759 2252; x_wconf 85' lang='lat' dir='ltr'>sexto</span> <span class='ocrx_word' id='word_1_151' title='bbox 1783 2183 1918 2252; x_wconf 88' lang='lat' dir='ltr'>decimo</span> <span class='ocrx_word' id='word_1_152' title='bbox 1942 2202 2037 2250; x_wconf 88' lang='lat' dir='ltr'>anno</span> <span class='ocrx_word' id='word_1_153' title='bbox 2061 2183 2161 2268; x_wconf 86' lang='lat' dir='ltr'>prin-</span> 
     </span>
     <span class='ocr_line' id='line_1_13' title="bbox 305 2327 2156 2423; baseline 0 -21"><span class='ocrx_word' id='word_1_154' title='bbox 305 2336 445 2422; x_wconf 83' lang='lat' dir='ltr'>cipatus</span> <span class='ocrx_word' id='word_1_155' title='bbox 467 2337 586 2405; x_wconf 92' lang='lat' dir='ltr'>domni</span> <span class='ocrx_word' id='word_1_156' title='bbox 610 2327 722 2404; x_wconf 87' lang='lat' dir='ltr'>nostri</span> <span class='ocrx_word' id='word_1_157' title='bbox 745 2337 876 2423; x_wconf 82' lang='lat' dir='ltr'>gisulfi,</span> <span class='ocrx_word' id='word_1_158' title='bbox 892 2353 1011 2404; x_wconf 88' lang='lat' dir='ltr'>mense</span> <span class='ocrx_word' id='word_1_159' title='bbox 1034 2335 1250 2412; x_wconf 82' lang='lat' dir='ltr'>februarius,</span> <span class='ocrx_word' id='word_1_160' title='bbox 1268 2335 1649 2422; x_wconf 84' lang='lat' dir='ltr'>septima&#39;indictione.</span> <span class='ocrx_word' id='word_1_161' title='bbox 1667 2337 1794 2402; x_wconf 87' lang='lat' dir='ltr'>Petrus</span> <span class='ocrx_word' id='word_1_162' title='bbox 1819 2336 1881 2423; x_wconf 92' lang='lat' dir='ltr'>qui</span> <span class='ocrx_word' id='word_1_163' title='bbox 1899 2337 1976 2404; x_wconf 88' lang='lat' dir='ltr'>roffi</span> <span class='ocrx_word' id='word_1_164' title='bbox 1994 2339 2156 2413; x_wconf 88' lang='lat' dir='ltr'>vocabat,</span> 
     </span>
     <span class='ocr_line' id='line_1_14' title="bbox 302 2488 2155 2584; baseline 0.001 -30"><span class='ocrx_word' id='word_1_165' title='bbox 302 2489 396 2560; x_wconf 86' lang='lat' dir='ltr'>tilius</span> <span class='ocrx_word' id='word_1_166' title='bbox 418 2491 593 2570; x_wconf 88' lang='lat' dir='ltr'>landonis,</span> <span class='ocrx_word' id='word_1_167' title='bbox 619 2492 881 2559; x_wconf 89' lang='lat' dir='ltr'>clarificaverat</span> <span class='ocrx_word' id='word_1_168' title='bbox 900 2537 1126 2558; x_wconf 90' lang='grc'><strong>.......</strong></span> <span class='ocrx_word' id='word_1_169' title='bbox 1152 2490 1305 2584; x_wconf 82' lang='lat' dir='ltr'>andreas</span> <span class='ocrx_word' id='word_1_170' title='bbox 1328 2489 1394 2556; x_wconf 88' lang='lat' dir='ltr'>filii</span> <span class='ocrx_word' id='word_1_171' title='bbox 1418 2488 1571 2558; x_wconf 86' lang='lat' dir='ltr'>maionis</span> <span class='ocrx_word' id='word_1_172' title='bbox 1593 2489 1822 2557; x_wconf 87' lang='lat' dir='ltr'>medietatem</span> <span class='ocrx_word' id='word_1_173' title='bbox 1847 2491 2010 2558; x_wconf 89' lang='lat' dir='ltr'>omnibus</span> <span class='ocrx_word' id='word_1_174' title='bbox 2034 2493 2155 2564; x_wconf 80' lang='lat' dir='ltr'>rebus¹</span> 
     </span>
     <span class='ocr_line' id='line_1_15' title="bbox 301 2621 2158 2712; baseline 0 -2"><span class='ocrx_word' id='word_1_175' title='bbox 301 2621 509 2712; x_wconf 82' lang='lat' dir='ltr'>substantiis</span> <span class='ocrx_word' id='word_1_176' title='bbox 532 2649 568 2711; x_wconf 88' lang='lat' dir='ltr'>et</span> <span class='ocrx_word' id='word_1_177' title='bbox 589 2645 682 2712; x_wconf 87' lang='lat' dir='ltr'>casis</span> <span class='ocrx_word' id='word_1_178' title='bbox 705 2647 741 2712; x_wconf 89' lang='lat' dir='ltr'>et</span> <span class='ocrx_word' id='word_1_179' title='bbox 764 2645 952 2712; x_wconf 87' lang='lat' dir='ltr'>movilibus</span> <span class='ocrx_word' id='word_1_180' title='bbox 975 2645 1049 2712; x_wconf 89' lang='lat' dir='ltr'>suis</span> <span class='ocrx_word' id='word_1_181' title='bbox 1072 2643 1238 2712; x_wconf 88' lang='lat' dir='ltr'>stavilem</span> <span class='ocrx_word' id='word_1_182' title='bbox 1262 2645 1299 2710; x_wconf 91' lang='grc'>01</span> <span class='ocrx_word' id='word_1_183' title='bbox 1322 2643 1489 2710; x_wconf 87' lang='lat' dir='ltr'>movilem</span> <span class='ocrx_word' id='word_1_184' title='bbox 1513 2645 1589 2712; x_wconf 86' lang='lat' dir='ltr'>tarn</span> <span class='ocrx_word' id='word_1_185' title='bbox 1612 2643 1655 2712; x_wconf 89' lang='grc'>10</span> <span class='ocrx_word' id='word_1_186' title='bbox 1679 2644 1770 2712; x_wconf 89' lang='lat' dir='ltr'>casis</span> <span class='ocrx_word' id='word_1_187' title='bbox 1794 2646 1831 2710; x_wconf 90' lang='lat' dir='ltr'>et</span> <span class='ocrx_word' id='word_1_188' title='bbox 1855 2648 1961 2712; x_wconf 89' lang='lat' dir='ltr'>rebus</span> <span class='ocrx_word' id='word_1_189' title='bbox 1984 2644 2082 2710; x_wconf 82' lang='lat' dir='ltr'>inira</span> <span class='ocrx_word' id='word_1_190' title='bbox 2105 2644 2158 2712; x_wconf 91' lang='grc'>01-</span> 
     </span>
     <span class='ocr_line' id='line_1_16' title="bbox 302 2795 2156 2882; baseline 0.001 -19"><span class='ocrx_word' id='word_1_191' title='bbox 302 2797 471 2865; x_wconf 88' lang='lat' dir='ltr'>vitatibus</span> <span class='ocrx_word' id='word_1_192' title='bbox 494 2797 553 2865; x_wconf 88' lang='lat' dir='ltr'>vel</span> <span class='ocrx_word' id='word_1_193' title='bbox 575 2799 671 2865; x_wconf 82' lang='lat' dir='ltr'>foras</span> <span class='ocrx_word' id='word_1_194' title='bbox 694 2797 872 2866; x_wconf 84' lang='lat' dir='ltr'>casalibus</span> <span class='ocrx_word' id='word_1_195' title='bbox 895 2817 976 2865; x_wconf 90' lang='lat' dir='ltr'>cum</span> <span class='ocrx_word' id='word_1_196' title='bbox 1000 2798 1080 2866; x_wconf 85' lang='lat' dir='ltr'>finis</span> <span class='ocrx_word' id='word_1_197' title='bbox 1103 2799 1140 2863; x_wconf 89' lang='grc'>01</span> <span class='ocrx_word' id='word_1_198' title='bbox 1162 2797 1230 2865; x_wconf 88' lang='lat' dir='ltr'>viis</span> <span class='ocrx_word' id='word_1_199' title='bbox 1253 2799 1393 2865; x_wconf 88' lang='lat' dir='ltr'>etcum</span> <span class='ocrx_word' id='word_1_200' title='bbox 1416 2797 1532 2864; x_wconf 89' lang='lat' dir='ltr'>omnis</span> <span class='ocrx_word' id='word_1_201' title='bbox 1568 2815 1634 2864; x_wconf 89' lang='lat' dir='ltr'>sua</span> <span class='ocrx_word' id='word_1_202' title='bbox 1656 2796 1878 2882; x_wconf 85' lang='lat' dir='ltr'>pertinentia</span> <span class='ocrx_word' id='word_1_203' title='bbox 1912 2795 1951 2863; x_wconf 93' lang='lat' dir='ltr'>in</span> <span class='ocrx_word' id='word_1_204' title='bbox 1975 2797 2156 2866; x_wconf 87' lang='lat' dir='ltr'>montibus</span> 
     </span>
     <span class='ocr_line' id='line_1_17' title="bbox 301 2943 2154 3039; baseline -0.002 -19"><span class='ocrx_word' id='word_1_205' title='bbox 301 2955 337 3020; x_wconf 87' lang='lat' dir='ltr'>et</span> <span class='ocrx_word' id='word_1_206' title='bbox 360 2950 397 3020; x_wconf 91' lang='lat' dir='ltr'>in</span> <span class='ocrx_word' id='word_1_207' title='bbox 419 2951 538 3039; x_wconf 88' lang='lat' dir='ltr'>planis</span> <span class='ocrx_word' id='word_1_208' title='bbox 562 2951 774 3039; x_wconf 89' lang='lat' dir='ltr'>ubicumque</span> <span class='ocrx_word' id='word_1_209' title='bbox 798 2951 909 3020; x_wconf 85' lang='lat' dir='ltr'>luerit</span> <span class='ocrx_word' id='word_1_210' title='bbox 931 2949 1058 3020; x_wconf 85' lang='lat' dir='ltr'>exinde</span> <span class='ocrx_word' id='word_1_211' title='bbox 1081 2953 1250 3020; x_wconf 85' lang='lat' dir='ltr'>inventus</span> <span class='ocrx_word' id='word_1_212' title='bbox 1273 2952 1501 3020; x_wconf 89' lang='lat' dir='ltr'>medietatem</span> <span class='ocrx_word' id='word_1_213' title='bbox 1525 2951 1685 3020; x_wconf 79' lang='lat' dir='ltr'>funditus</span> <span class='ocrx_word' id='word_1_214' title='bbox 1722 3003 1729 3017; x_wconf 92' lang='lat'>.</span> <span class='ocrx_word' id='word_1_215' title='bbox 1759 3003 1767 3017; x_wconf 91' lang='lat'><em>.</em></span> <span class='ocrx_word' id='word_1_216' title='bbox 1796 3003 1803 3018; x_wconf 88' lang='lat'><em>.</em></span> <span class='ocrx_word' id='word_1_217' title='bbox 1834 3003 1841 3018; x_wconf 93' lang='lat'><em>.</em></span> <span class='ocrx_word' id='word_1_218' title='bbox 1871 3003 1877 3015; x_wconf 95' lang='lat'><em>.</em></span> <span class='ocrx_word' id='word_1_219' title='bbox 1910 3003 1917 3017; x_wconf 91' lang='lat'>.</span> <span class='ocrx_word' id='word_1_220' title='bbox 1948 2943 1994 3018; x_wconf 88' lang='lat'>.&#39;..</span> <span class='ocrx_word' id='word_1_221' title='bbox 2020 2949 2154 3017; x_wconf 84' lang='lat' dir='ltr'>exindo</span> 
     </span>
     <span class='ocr_line' id='line_1_18' title="bbox 300 3103 2152 3192; baseline -0.002 -20"><span class='ocrx_word' id='word_1_222' title='bbox 300 3105 503 3173; x_wconf 82' lang='lat' dir='ltr'>iaciendum</span> <span class='ocrx_word' id='word_1_223' title='bbox 527 3103 620 3192; x_wconf 91' lang='lat' dir='ltr'>quod</span> <span class='ocrx_word' id='word_1_224' title='bbox 643 3106 676 3172; x_wconf 88' lang='lat' dir='ltr'>ei</span> <span class='ocrx_word' id='word_1_225' title='bbox 700 3105 888 3192; x_wconf 83' lang='lat' dir='ltr'>placuerat</span> <span class='ocrx_word' id='word_1_226' title='bbox 910 3107 1051 3173; x_wconf 85' lang='lat' dir='ltr'>tantum</span> <span class='ocrx_word' id='word_1_227' title='bbox 1074 3107 1307 3192; x_wconf 87' lang='lat' dir='ltr'>septuaverat</span> <span class='ocrx_word' id='word_1_228' title='bbox 1328 3124 1499 3192; x_wconf 84' lang='lat' dir='ltr'>personas</span> <span class='ocrx_word' id='word_1_229' title='bbox 1522 3103 1655 3174; x_wconf 83' lang='lat' dir='ltr'>donate</span> <span class='ocrx_word' id='word_1_230' title='bbox 1677 3107 1714 3172; x_wconf 91' lang='lat' dir='ltr'>et</span> <span class='ocrx_word' id='word_1_231' title='bbox 1737 3108 1865 3173; x_wconf 83' lang='lat' dir='ltr'>abrasa</span> <span class='ocrx_word' id='word_1_232' title='bbox 1885 3155 1921 3170; x_wconf 91' lang='lat'>..</span> <span class='ocrx_word' id='word_1_233' title='bbox 1950 3127 1951 3130; x_wconf 43' lang='lat'>¹</span> <span class='ocrx_word' id='word_1_234' title='bbox 1953 3155 2152 3172; x_wconf 90' lang='grc'><strong>......</strong></span> 
     </span>
     <span class='ocr_line' id='line_1_19' title="bbox 301 3255 2143 3346; baseline 0 -22"><span class='ocrx_word' id='word_1_235' title='bbox 301 3260 546 3326; x_wconf 87' lang='lat' dir='ltr'>reserbaverat</span> <span class='ocrx_word' id='word_1_236' title='bbox 568 3259 756 3344; x_wconf 87' lang='lat' dir='ltr'>potestate,</span> <span class='ocrx_word' id='word_1_237' title='bbox 784 3260 823 3324; x_wconf 93' lang='lat' dir='ltr'>ut</span> <span class='ocrx_word' id='word_1_238' title='bbox 840 3257 877 3324; x_wconf 86' lang='lat' dir='ltr'>¹si</span> <span class='ocrx_word' id='word_1_239' title='bbox 900 3257 990 3325; x_wconf 91' lang='lat' dir='ltr'>alios</span> <span class='ocrx_word' id='word_1_240' title='bbox 1013 3255 1103 3324; x_wconf 81' lang='lat' dir='ltr'>filios</span> <span class='ocrx_word' id='word_1_241' title='bbox 1126 3258 1183 3324; x_wconf 92' lang='lat' dir='ltr'>vel</span> <span class='ocrx_word' id='word_1_242' title='bbox 1207 3257 1300 3324; x_wconf 82' lang='lat' dir='ltr'>illias</span> <span class='ocrx_word' id='word_1_243' title='bbox 1324 3277 1394 3330; x_wconf 89' lang='grc'>000</span> <span class='ocrx_word' id='word_1_244' title='bbox 1417 3258 1587 3326; x_wconf 84' lang='lat' dir='ltr'>habuerit</span> <span class='ocrx_word' id='word_1_245' title='bbox 1610 3258 1678 3326; x_wconf 88' lang='lat' dir='ltr'>nisi</span> <span class='ocrx_word' id='word_1_246' title='bbox 1702 3258 1888 3346; x_wconf 88' lang='lat' dir='ltr'>miraque</span> <span class='ocrx_word' id='word_1_247' title='bbox 1915 3310 1923 3326; x_wconf 92' lang='lat'><strong>.</strong></span> <span class='ocrx_word' id='word_1_248' title='bbox 1953 3311 1959 3328; x_wconf 91' lang='lat'><em>.</em></span> <span class='ocrx_word' id='word_1_249' title='bbox 1990 3311 1998 3340; x_wconf 47' lang='lat'>.,</span> <span class='ocrx_word' id='word_1_250' title='bbox 2027 3309 2036 3326; x_wconf 88' lang='lat'><strong>.</strong></span> <span class='ocrx_word' id='word_1_251' title='bbox 2064 3310 2071 3324; x_wconf 90' lang='lat'>.</span> <span class='ocrx_word' id='word_1_252' title='bbox 2100 3309 2107 3322; x_wconf 94' lang='lat'>.</span> <span class='ocrx_word' id='word_1_253' title='bbox 2137 3310 2143 3324; x_wconf 91' lang='lat'>.</span> 
     </span>
     <span class='ocr_line' id='line_1_20' title="bbox 299 3384 2157 3500; baseline -0.001 -21"><span class='ocrx_word' id='word_1_254' title='bbox 299 3430 371 3480; x_wconf 91' lang='lat' dir='ltr'>non</span> <span class='ocrx_word' id='word_1_255' title='bbox 393 3409 540 3481; x_wconf 82' lang='lat' dir='ltr'>haberet</span> <span class='ocrx_word' id='word_1_256' title='bbox 562 3384 772 3499; x_wconf 85' lang='lat' dir='ltr'>potestatem</span> <span class='ocrx_word' id='word_1_257' title='bbox 797 3411 927 3480; x_wconf 83' lang='lat' dir='ltr'>exinde</span> <span class='ocrx_word' id='word_1_258' title='bbox 951 3412 1038 3480; x_wconf 90' lang='grc'><strong>1000</strong></span> <span class='ocrx_word' id='word_1_259' title='bbox 1062 3415 1125 3479; x_wconf 89' lang='grc'>001</span> <span class='ocrx_word' id='word_1_260' title='bbox 1149 3412 1312 3482; x_wconf 86' lang='grc'><strong>01100000</strong></span> <span class='ocrx_word' id='word_1_261' title='bbox 1347 3431 1411 3500; x_wconf 91' lang='lat' dir='ltr'>per</span> <span class='ocrx_word' id='word_1_262' title='bbox 1435 3413 1729 3500; x_wconf 86' lang='lat' dir='ltr'>qualemcumque</span> <span class='ocrx_word' id='word_1_263' title='bbox 1765 3413 1955 3488; x_wconf 87' lang='lat' dir='ltr'>rationem,</span> <span class='ocrx_word' id='word_1_264' title='bbox 1982 3411 2053 3480; x_wconf 91' lang='lat' dir='ltr'>nisi</span> <span class='ocrx_word' id='word_1_265' title='bbox 2085 3410 2157 3498; x_wconf 92' lang='lat' dir='ltr'>ipsi</span> 
     </span>
     <span class='ocr_line' id='line_1_21' title="bbox 297 3541 2155 3656; baseline -0.001 -22"><span class='ocrx_word' id='word_1_266' title='bbox 297 3572 398 3654; x_wconf 90' lang='lat' dir='ltr'>petro</span> <span class='ocrx_word' id='word_1_267' title='bbox 421 3569 478 3636; x_wconf 89' lang='lat' dir='ltr'>vel</span> <span class='ocrx_word' id='word_1_268' title='bbox 501 3567 560 3636; x_wconf 91' lang='lat' dir='ltr'>cui</span> <span class='ocrx_word' id='word_1_269' title='bbox 583 3586 647 3656; x_wconf 89' lang='lat' dir='ltr'>per</span> <span class='ocrx_word' id='word_1_270' title='bbox 670 3587 752 3636; x_wconf 88' lang='lat' dir='ltr'>eum</span> <span class='ocrx_word' id='word_1_271' title='bbox 774 3565 972 3656; x_wconf 78' lang='lat' dir='ltr'>obligatum</span> <span class='ocrx_word' id='word_1_272' title='bbox 995 3569 1158 3655; x_wconf 88' lang='lat' dir='ltr'>paruerit</span> <span class='ocrx_word' id='word_1_273' title='bbox 1193 3568 1274 3636; x_wconf 91' lang='lat' dir='ltr'>illos</span> <span class='ocrx_word' id='word_1_274' title='bbox 1297 3569 1385 3636; x_wconf 89' lang='lat' dir='ltr'>dare</span> <span class='ocrx_word' id='word_1_275' title='bbox 1419 3568 1465 3636; x_wconf 88' lang='lat' dir='ltr'>ad</span> <span class='ocrx_word' id='word_1_276' title='bbox 1490 3567 1625 3636; x_wconf 86' lang='lat' dir='ltr'>iustum</span> <span class='ocrx_word' id='word_1_277' title='bbox 1659 3567 1815 3654; x_wconf 87' lang='lat' dir='ltr'>pretium</span> <span class='ocrx_word' id='word_1_278' title='bbox 1838 3569 1876 3635; x_wconf 90' lang='grc'>01</span> <span class='ocrx_word' id='word_1_279' title='bbox 1911 3541 2047 3634; x_wconf 85' lang='lat' dir='ltr'>iaceret</span> <span class='ocrx_word' id='word_1_280' title='bbox 2071 3566 2155 3634; x_wconf 88' lang='lat' dir='ltr'>iilos</span> 
     </span>
     <span class='ocr_line' id='line_1_22' title="bbox 297 3719 2157 3808; baseline -0.001 -19"><span class='ocrx_word' id='word_1_281' title='bbox 297 3723 390 3789; x_wconf 90' lang='lat' dir='ltr'>scire</span> <span class='ocrx_word' id='word_1_282' title='bbox 395 3771 959 3792; x_wconf 90' lang='grc'><strong>................</strong></span> <span class='ocrx_word' id='word_1_283' title='bbox 986 3721 1140 3808; x_wconf 82' lang='lat' dir='ltr'>triginta</span> <span class='ocrx_word' id='word_1_284' title='bbox 1173 3740 1238 3790; x_wconf 82' lang='grc'>000</span> <span class='ocrx_word' id='word_1_285' title='bbox 1262 3723 1351 3791; x_wconf 86' lang='grc'><strong>0101</strong></span> <span class='ocrx_word' id='word_1_286' title='bbox 1375 3740 1435 3790; x_wconf 89' lang='grc'>000</span> <span class='ocrx_word' id='word_1_287' title='bbox 1458 3739 1579 3788; x_wconf 84' lang='lat' dir='ltr'>emere</span> <span class='ocrx_word' id='word_1_288' title='bbox 1601 3720 1784 3789; x_wconf 88' lang='lat' dir='ltr'>noluerint</span> <span class='ocrx_word' id='word_1_289' title='bbox 1806 3721 1903 3788; x_wconf 84' lang='lat' dir='ltr'>inira</span> <span class='ocrx_word' id='word_1_290' title='bbox 1929 3719 2046 3807; x_wconf 91' lang='lat' dir='ltr'>ipsum</span> <span class='ocrx_word' id='word_1_291' title='bbox 2070 3739 2157 3787; x_wconf 89' lang='lat' dir='ltr'>con·</span> 
     </span>
     <span class='ocr_line' id='line_1_23' title="bbox 297 3871 2153 3953; baseline -0.002 -11"><span class='ocrx_word' id='word_1_292' title='bbox 297 3875 473 3953; x_wconf 86' lang='lat' dir='ltr'>stitutum,</span> <span class='ocrx_word' id='word_1_293' title='bbox 498 3877 626 3942; x_wconf 86' lang='lat' dir='ltr'>liceret</span> <span class='ocrx_word' id='word_1_294' title='bbox 648 3873 739 3942; x_wconf 90' lang='lat' dir='ltr'>illud</span> <span class='ocrx_word' id='word_1_295' title='bbox 763 3874 849 3942; x_wconf 88' lang='lat' dir='ltr'>dare</span> <span class='ocrx_word' id='word_1_296' title='bbox 872 3873 931 3941; x_wconf 91' lang='lat' dir='ltr'>oui</span> <span class='ocrx_word' id='word_1_297' title='bbox 955 3873 1147 3944; x_wconf 85' lang='lat' dir='ltr'>voluerint.</span> <span class='ocrx_word' id='word_1_298' title='bbox 1173 3874 1264 3941; x_wconf 90' lang='lat' dir='ltr'>Nam</span> <span class='ocrx_word' id='word_1_299' title='bbox 1285 3921 1744 3950; x_wconf 91' lang='grc'><strong>.............</strong></span> <span class='ocrx_word' id='word_1_300' title='bbox 1769 3875 1993 3940; x_wconf 86' lang='lat' dir='ltr'>voluntatem</span> <span class='ocrx_word' id='word_1_301' title='bbox 2010 3891 2071 3940; x_wconf 90' lang='lat' dir='ltr'>eos</span> <span class='ocrx_word' id='word_1_302' title='bbox 2093 3871 2153 3939; x_wconf 89' lang='lat' dir='ltr'>de·</span> 
     </span>
     <span class='ocr_line' id='line_1_24' title="bbox 296 4023 2152 4116; baseline -0.004 -19"><span class='ocrx_word' id='word_1_303' title='bbox 296 4029 417 4097; x_wconf 88' lang='lat' dir='ltr'>derint</span> <span class='ocrx_word' id='word_1_304' title='bbox 440 4031 524 4096; x_wconf 93' lang='lat' dir='ltr'>tunc</span> <span class='ocrx_word' id='word_1_305' title='bbox 547 4029 629 4097; x_wconf 89' lang='lat' dir='ltr'>illos</span> <span class='ocrx_word' id='word_1_306' title='bbox 653 4047 721 4116; x_wconf 90' lang='lat' dir='ltr'>que</span> <span class='ocrx_word' id='word_1_307' title='bbox 745 4025 826 4096; x_wconf 93' lang='lat' dir='ltr'>inde</span> <span class='ocrx_word' id='word_1_308' title='bbox 849 4026 972 4098; x_wconf 87' lang='lat' dir='ltr'>datum</span> <span class='ocrx_word' id='word_1_309' title='bbox 996 4026 1159 4114; x_wconf 87' lang='lat' dir='ltr'>paruerit</span> <span class='ocrx_word' id='word_1_310' title='bbox 1182 4026 1317 4094; x_wconf 88' lang='lat' dir='ltr'>rediret</span> <span class='ocrx_word' id='word_1_311' title='bbox 1343 4073 1800 4094; x_wconf 89' lang='grc'><strong>.............</strong></span> <span class='ocrx_word' id='word_1_312' title='bbox 1825 4025 1937 4092; x_wconf 80' lang='lat' dir='ltr'>fuerit</span> <span class='ocrx_word' id='word_1_313' title='bbox 1950 4023 2152 4110; x_wconf 82' lang='lat' dir='ltr'>obligatum</span> 
     </span>
     <span class='ocr_line' id='line_1_25' title="bbox 296 4177 2153 4274; baseline -0.003 -22"><span class='ocrx_word' id='word_1_314' title='bbox 296 4184 389 4274; x_wconf 89' lang='grc'><strong>01001</strong></span> <span class='ocrx_word' id='word_1_315' title='bbox 410 4203 475 4271; x_wconf 90' lang='lat' dir='ltr'>per</span> <span class='ocrx_word' id='word_1_316' title='bbox 498 4185 677 4252; x_wconf 85' lang='lat' dir='ltr'>cartulam</span> <span class='ocrx_word' id='word_1_317' title='bbox 700 4180 929 4251; x_wconf 90' lang='lat' dir='ltr'>vindictionis</span> <span class='ocrx_word' id='word_1_318' title='bbox 952 4181 1048 4248; x_wconf 94' lang='lat' dir='ltr'>omni</span> <span class='ocrx_word' id='word_1_319' title='bbox 1072 4182 1231 4266; x_wconf 89' lang='lat' dir='ltr'>tempore</span> <span class='ocrx_word' id='word_1_320' title='bbox 1245 4178 1678 4248; x_wconf 84' lang='lat' dir='ltr'>firmissimelrabendum.</span> <span class='ocrx_word' id='word_1_321' title='bbox 1697 4179 1741 4246; x_wconf 82' lang='lat' dir='ltr'>nt</span> <span class='ocrx_word' id='word_1_322' title='bbox 1765 4177 1840 4266; x_wconf 87' lang='lat' dir='ltr'>ipse</span> <span class='ocrx_word' id='word_1_323' title='bbox 1856 4178 1980 4263; x_wconf 85' lang='lat' dir='ltr'>petrus</span> <span class='ocrx_word' id='word_1_324' title='bbox 2001 4195 2068 4246; x_wconf 90' lang='lat' dir='ltr'>sua</span> <span class='ocrx_word' id='word_1_325' title='bbox 2092 4199 2153 4248; x_wconf 90' lang='lat' dir='ltr'>vo-</span> 
     </span>
     <span class='ocr_line' id='line_1_26' title="bbox 224 4331 2153 4442; baseline -0.003 -38"><span class='ocrx_word' id='word_1_326' title='bbox 224 4419 226 4424; x_wconf 35' lang='grc'>,</span> <span class='ocrx_word' id='word_1_327' title='bbox 293 4339 433 4406; x_wconf 88' lang='grc'><strong>1001010</strong></span> <span class='ocrx_word' id='word_1_328' title='bbox 456 4357 520 4426; x_wconf 86' lang='lat' dir='ltr'>per</span> <span class='ocrx_word' id='word_1_329' title='bbox 544 4341 657 4425; x_wconf 82' lang='lat' dir='ltr'>ipsam</span> <span class='ocrx_word' id='word_1_330' title='bbox 676 4337 858 4442; x_wconf 86' lang='lat' dir='ltr'>¹cartulam</span> <span class='ocrx_word' id='word_1_331' title='bbox 883 4335 1082 4402; x_wconf 86' lang='lat' dir='ltr'>donaverat</span> <span class='ocrx_word' id='word_1_332' title='bbox 1105 4332 1174 4419; x_wconf 90' lang='lat' dir='ltr'>ipsi</span> <span class='ocrx_word' id='word_1_333' title='bbox 1197 4333 1287 4438; x_wconf 85' lang='grc'><strong>00100</strong></span> <span class='ocrx_word' id='word_1_334' title='bbox 1303 4336 1434 4402; x_wconf 87' lang='lat' dir='ltr'>cuneta</span> <span class='ocrx_word' id='word_1_335' title='bbox 1450 4382 1903 4402; x_wconf 90' lang='grc'><strong>.............</strong></span> <span class='ocrx_word' id='word_1_336' title='bbox 1924 4331 2034 4401; x_wconf 80' lang='grc'><strong>’.1000</strong></span> <span class='ocrx_word' id='word_1_337' title='bbox 2057 4333 2153 4401; x_wconf 86' lang='lat' dir='ltr'>casis</span> 
     </span>
     <span class='ocr_line' id='line_1_27' title="bbox 300 4484 2149 4574; baseline -0.002 -16"><span class='ocrx_word' id='word_1_338' title='bbox 300 4493 337 4558; x_wconf 90' lang='grc'>01</span> <span class='ocrx_word' id='word_1_339' title='bbox 358 4494 470 4574; x_wconf 54' lang='lat' dir='ltr'>rebus,</span> <span class='ocrx_word' id='word_1_340' title='bbox 486 4495 523 4560; x_wconf 90' lang='grc'>01</span> <span class='ocrx_word' id='word_1_341' title='bbox 546 4491 734 4560; x_wconf 88' lang='lat' dir='ltr'>movilibus</span> <span class='ocrx_word' id='word_1_342' title='bbox 756 4489 886 4557; x_wconf 84' lang='lat' dir='ltr'>stavile</span> <span class='ocrx_word' id='word_1_343' title='bbox 909 4489 946 4554; x_wconf 88' lang='lat' dir='ltr'>el</span> <span class='ocrx_word' id='word_1_344' title='bbox 969 4486 1097 4554; x_wconf 87' lang='lat' dir='ltr'>movile</span> <span class='ocrx_word' id='word_1_345' title='bbox 1121 4487 1215 4554; x_wconf 86' lang='lat' dir='ltr'>sicut</span> <span class='ocrx_word' id='word_1_346' title='bbox 1237 4506 1302 4574; x_wconf 90' lang='lat' dir='ltr'>per</span> <span class='ocrx_word' id='word_1_347' title='bbox 1324 4487 1404 4573; x_wconf 85' lang='lat' dir='ltr'>ipsa</span> <span class='ocrx_word' id='word_1_348' title='bbox 1428 4489 1571 4555; x_wconf 84' lang='lat' dir='ltr'>cartula</span> <span class='ocrx_word' id='word_1_349' title='bbox 1598 4536 1935 4554; x_wconf 92' lang='grc'><strong>..........</strong></span> <span class='ocrx_word' id='word_1_350' title='bbox 1963 4484 2073 4552; x_wconf 86' lang='grc'><strong>100011</strong></span> <span class='ocrx_word' id='word_1_351' title='bbox 2095 4487 2149 4554; x_wconf 87' lang='grc'>010</span> 
     </span>
     <span class='ocr_line' id='line_1_28' title="bbox 298 4637 2155 4730; baseline -0.005 -18"><span class='ocrx_word' id='word_1_352' title='bbox 298 4643 335 4712; x_wconf 89' lang='grc'>10</span> <span class='ocrx_word' id='word_1_353' title='bbox 358 4643 542 4730; x_wconf 82' lang='lat' dir='ltr'>integrum</span> <span class='ocrx_word' id='word_1_354' title='bbox 563 4663 624 4712; x_wconf 89' lang='lat' dir='ltr'>eos</span> <span class='ocrx_word' id='word_1_355' title='bbox 647 4643 762 4711; x_wconf 90' lang='lat' dir='ltr'>eidem</span> <span class='ocrx_word' id='word_1_356' title='bbox 785 4638 873 4710; x_wconf 87' lang='lat' dir='ltr'>mire</span> <span class='ocrx_word' id='word_1_357' title='bbox 896 4642 1092 4709; x_wconf 85' lang='lat' dir='ltr'>donaverat</span> <span class='ocrx_word' id='word_1_358' title='bbox 1114 4643 1223 4727; x_wconf 86' lang='lat' dir='ltr'>atque</span> <span class='ocrx_word' id='word_1_359' title='bbox 1246 4640 1470 4726; x_wconf 81' lang='lat' dir='ltr'>obligaverat</span> <span class='ocrx_word' id='word_1_360' title='bbox 1505 4689 1922 4707; x_wconf 91' lang='grc'><strong>............</strong></span> <span class='ocrx_word' id='word_1_361' title='bbox 1952 4637 2155 4710; x_wconf 85' lang='lat' dir='ltr'>laciendum</span> 
     </span>
     <span class='ocr_line' id='line_1_29' title="bbox 296 4757 2155 4886; baseline -0.001 -22"><span class='ocrx_word' id='word_1_362' title='bbox 296 4757 365 4885; x_wconf 85' lang='lat' dir='ltr'>que</span> <span class='ocrx_word' id='word_1_363' title='bbox 387 4797 438 4868; x_wconf 82' lang='lat' dir='ltr'>eis</span> <span class='ocrx_word' id='word_1_364' title='bbox 463 4801 643 4886; x_wconf 85' lang='lat' dir='ltr'>placuerit</span> <span class='ocrx_word' id='word_1_365' title='bbox 666 4801 703 4866; x_wconf 91' lang='lat' dir='ltr'>et</span> <span class='ocrx_word' id='word_1_366' title='bbox 726 4779 793 4866; x_wconf 89' lang='lat' dir='ltr'>illa</span> <span class='ocrx_word' id='word_1_367' title='bbox 814 4797 889 4866; x_wconf 90' lang='lat' dir='ltr'>alia</span> <span class='ocrx_word' id='word_1_368' title='bbox 912 4796 1104 4864; x_wconf 85' lang='lat' dir='ltr'>medietate</span> <span class='ocrx_word' id='word_1_369' title='bbox 1119 4797 1296 4865; x_wconf 84' lang='lat' dir='ltr'>haberent</span> <span class='ocrx_word' id='word_1_370' title='bbox 1318 4795 1388 4864; x_wconf 88' lang='lat' dir='ltr'>illa</span> <span class='ocrx_word' id='word_1_371' title='bbox 1410 4797 1449 4862; x_wconf 87' lang='lat' dir='ltr'>et</span> <span class='ocrx_word' id='word_1_372' title='bbox 1469 4795 1550 4864; x_wconf 85' lang='grc'><strong>0100</strong></span> <span class='ocrx_word' id='word_1_373' title='bbox 1569 4794 1718 4864; x_wconf 80' lang='lat' dir='ltr'>herodes</span> <span class='ocrx_word' id='word_1_374' title='bbox 1741 4791 1909 4879; x_wconf 83' lang='lat' dir='ltr'>obligata</span> <span class='ocrx_word' id='word_1_375' title='bbox 1929 4811 1995 4881; x_wconf 89' lang='lat' dir='ltr'>per</span> <span class='ocrx_word' id='word_1_376' title='bbox 2016 4793 2082 4861; x_wconf 88' lang='lat' dir='ltr'>illa</span> <span class='ocrx_word' id='word_1_377' title='bbox 2097 4812 2155 4862; x_wconf 90' lang='lat' dir='ltr'>ra-</span> 
     </span>
     <span class='ocr_line' id='line_1_30' title="bbox 298 4931 2152 5038; baseline -0.003 -20"><span class='ocrx_word' id='word_1_378' title='bbox 298 4955 405 5030; x_wconf 84' lang='lat' dir='ltr'>tione,</span> <span class='ocrx_word' id='word_1_379' title='bbox 422 4951 516 5019; x_wconf 84' lang='grc'><strong>01001</strong></span> <span class='ocrx_word' id='word_1_380' title='bbox 538 4953 583 5019; x_wconf 88' lang='lat' dir='ltr'>ab</span> <span class='ocrx_word' id='word_1_381' title='bbox 596 4931 682 5038; x_wconf 74' lang='lat' dir='ltr'>¹ipso</span> <span class='ocrx_word' id='word_1_382' title='bbox 706 4951 841 5018; x_wconf 88' lang='grc'><strong>001000</strong></span> <span class='ocrx_word' id='word_1_383' title='bbox 865 4968 929 5036; x_wconf 83' lang='grc'>000</span> <span class='ocrx_word' id='word_1_384' title='bbox 951 4949 1066 5036; x_wconf 88' lang='lat' dir='ltr'>ipsam</span> <span class='ocrx_word' id='word_1_385' title='bbox 1090 4950 1269 5021; x_wconf 85' lang='lat' dir='ltr'>cartulam</span> <span class='ocrx_word' id='word_1_386' title='bbox 1292 4945 1490 5032; x_wconf 81' lang='lat' dir='ltr'>obligatum</span> <span class='ocrx_word' id='word_1_387' title='bbox 1514 4948 1645 5016; x_wconf 78' lang='lat' dir='ltr'>suerat</span> <span class='ocrx_word' id='word_1_388' title='bbox 1663 4947 1710 5014; x_wconf 84' lang='lat' dir='ltr'>m</span> <span class='ocrx_word' id='word_1_389' title='bbox 1731 4944 1881 5016; x_wconf 84' lang='lat' dir='ltr'>dederat</span> <span class='ocrx_word' id='word_1_390' title='bbox 1903 4943 1972 5031; x_wconf 89' lang='lat' dir='ltr'>ipsi</span> <span class='ocrx_word' id='word_1_391' title='bbox 1997 4945 2087 5016; x_wconf 90' lang='lat' dir='ltr'>mire</span> <span class='ocrx_word' id='word_1_392' title='bbox 2104 4945 2152 5013; x_wconf 88' lang='lat' dir='ltr'>ad</span> 
     </span>
    </p>
   </div>
   <div class='ocr_carea' id='block_1_3' title="bbox 297 5067 2153 5190">
    <p class='ocr_par' dir='ltr' id='par_1_3' title="bbox 297 5067 2153 5190">
     <span class='ocr_line' id='line_1_31' title="bbox 297 5067 2153 5190; baseline -0.004 -18"><span class='ocrx_word' id='word_1_393' title='bbox 297 5105 535 5173; x_wconf 74' lang='lat' dir='ltr'>delensionem</span> <span class='ocrx_word' id='word_1_394' title='bbox 558 5103 762 5172; x_wconf 79' lang='lat' dir='ltr'>habendum</span> <span class='ocrx_word' id='word_1_395' title='bbox 785 5101 898 5190; x_wconf 83' lang='lat' dir='ltr'>ipsam</span> <span class='ocrx_word' id='word_1_396' title='bbox 922 5104 1099 5168; x_wconf 87' lang='lat' dir='ltr'>cartulam</span> <span class='ocrx_word' id='word_1_397' title='bbox 1123 5101 1215 5188; x_wconf 91' lang='lat' dir='ltr'>quod</span> <span class='ocrx_word' id='word_1_398' title='bbox 1239 5099 1315 5187; x_wconf 87' lang='lat' dir='ltr'>ipse</span> <span class='ocrx_word' id='word_1_399' title='bbox 1338 5099 1481 5185; x_wconf 70' lang='lat' dir='ltr'>genitos·</span> <span class='ocrx_word' id='word_1_400' title='bbox 1507 5148 1854 5166; x_wconf 90' lang='grc'><strong>..........</strong></span> <span class='ocrx_word' id='word_1_401' title='bbox 1866 5067 1894 5164; x_wconf 49' lang='lat'>¹.</span> <span class='ocrx_word' id='word_1_402' title='bbox 1928 5096 2084 5164; x_wconf 88' lang='lat' dir='ltr'>andreas</span> <span class='ocrx_word' id='word_1_403' title='bbox 2108 5097 2153 5176; x_wconf 82' lang='lat' dir='ltr'>ad</span> 
     </span>
    </p>
   </div>
   <div class='ocr_carea' id='block_1_4' title="bbox 294 5248 2269 5324">
    <p class='ocr_par' dir='ltr' id='par_1_4' title="bbox 294 5248 2269 5324">
     <span class='ocr_line' id='line_1_32' title="bbox 294 5248 2269 5324; baseline -0.004 -1"><span class='ocrx_word' id='word_1_404' title='bbox 294 5255 528 5324; x_wconf 82' lang='lat' dir='ltr'>frudiandum</span> <span class='ocrx_word' id='word_1_405' title='bbox 552 5254 628 5323; x_wconf 83' lang='lat' dir='ltr'>vite</span> <span class='ocrx_word' id='word_1_406' title='bbox 648 5273 711 5321; x_wconf 89' lang='lat' dir='ltr'>sue</span> <span class='ocrx_word' id='word_1_407' title='bbox 735 5256 985 5322; x_wconf 87' lang='lat' dir='ltr'>reserbaverat</span> <span class='ocrx_word' id='word_1_408' title='bbox 1007 5250 1043 5320; x_wconf 90' lang='lat' dir='ltr'>iu</span> <span class='ocrx_word' id='word_1_409' title='bbox 1067 5251 1227 5320; x_wconf 86' lang='lat' dir='ltr'>ecclesiis</span> <span class='ocrx_word' id='word_1_410' title='bbox 1250 5251 1393 5320; x_wconf 84' lang='lat' dir='ltr'>offerire</span> <span class='ocrx_word' id='word_1_411' title='bbox 1409 5251 1563 5320; x_wconf 86' lang='lat' dir='ltr'>boiuerit</span> <span class='ocrx_word' id='word_1_412' title='bbox 1580 5302 2028 5321; x_wconf 87' lang='grc'><strong>.............</strong></span> <span class='ocrx_word' id='word_1_413' title='bbox 2054 5248 2150 5318; x_wconf 86' lang='grc'><strong>01001</strong></span> <span class='ocrx_word' id='word_1_414' title='bbox 2266 5251 2269 5256; x_wconf 82' lang='grc'><em>’</em></span> 
     </span>
    </p>
   </div>
   <div class='ocr_carea' id='block_1_5' title="bbox 294 5377 2152 5657">
    <p class='ocr_par' dir='ltr' id='par_1_5' title="bbox 294 5377 2152 5657">
     <span class='ocr_line' id='line_1_33' title="bbox 295 5377 2152 5515; baseline -0.002 -39"><span class='ocrx_word' id='word_1_415' title='bbox 295 5409 373 5497; x_wconf 81' lang='lat' dir='ltr'>ipsa</span> <span class='ocrx_word' id='word_1_416' title='bbox 396 5409 539 5478; x_wconf 86' lang='lat' dir='ltr'>cartula</span> <span class='ocrx_word' id='word_1_417' title='bbox 561 5409 730 5478; x_wconf 89' lang='grc'><strong>00011001.</strong></span> <span class='ocrx_word' id='word_1_418' title='bbox 757 5409 899 5515; x_wconf 83' lang='lat' dir='ltr'>Scripta</span> <span class='ocrx_word' id='word_1_419' title='bbox 921 5425 986 5495; x_wconf 91' lang='lat' dir='ltr'>per</span> <span class='ocrx_word' id='word_1_420' title='bbox 1009 5406 1126 5494; x_wconf 88' lang='lat' dir='ltr'>ipsum</span> <span class='ocrx_word' id='word_1_421' title='bbox 1148 5409 1291 5494; x_wconf 90' lang='lat' dir='ltr'>petrum</span> <span class='ocrx_word' id='word_1_422' title='bbox 1314 5377 1510 5484; x_wconf 80' lang='lat' dir='ltr'>notarium,</span> <span class='ocrx_word' id='word_1_423' title='bbox 1525 5403 1651 5494; x_wconf 81' lang='lat' dir='ltr'>inqua</span> <span class='ocrx_word' id='word_1_424' title='bbox 1673 5405 1864 5492; x_wconf 83' lang='lat' dir='ltr'>subscripti</span> <span class='ocrx_word' id='word_1_425' title='bbox 1877 5407 1965 5474; x_wconf 90' lang='lat' dir='ltr'>sunt</span> <span class='ocrx_word' id='word_1_426' title='bbox 1988 5403 2064 5492; x_wconf 88' lang='lat' dir='ltr'>ipsi</span> <span class='ocrx_word' id='word_1_427' title='bbox 2088 5423 2152 5472; x_wconf 90' lang='lat' dir='ltr'>an·</span> 
     </span>
     <span class='ocr_line' id='line_1_34' title="bbox 294 5555 2149 5657; baseline -0.003 -27"><span class='ocrx_word' id='word_1_428' title='bbox 294 5563 399 5630; x_wconf 85' lang='lat' dir='ltr'>dreas</span> <span class='ocrx_word' id='word_1_429' title='bbox 422 5564 460 5630; x_wconf 89' lang='lat' dir='ltr'>et</span> <span class='ocrx_word' id='word_1_430' title='bbox 482 5563 598 5650; x_wconf 90' lang='lat' dir='ltr'>pando</span> <span class='ocrx_word' id='word_1_431' title='bbox 622 5564 658 5630; x_wconf 87' lang='grc'>01</span> <span class='ocrx_word' id='word_1_432' title='bbox 679 5565 877 5631; x_wconf 88' lang='lat' dir='ltr'>lambertus</span> <span class='ocrx_word' id='word_1_433' title='bbox 900 5565 937 5628; x_wconf 88' lang='grc'>01</span> <span class='ocrx_word' id='word_1_434' title='bbox 959 5562 1095 5648; x_wconf 85' lang='lat' dir='ltr'>potrus.</span> <span class='ocrx_word' id='word_1_435' title='bbox 1135 5557 1283 5628; x_wconf 82' lang='lat' dir='ltr'>Tertia:</span> <span class='ocrx_word' id='word_1_436' title='bbox 1323 5558 1500 5657; x_wconf 87' lang='lat' dir='ltr'>vicesimo</span> <span class='ocrx_word' id='word_1_437' title='bbox 1527 5577 1620 5630; x_wconf 87' lang='lat' dir='ltr'>nono</span> <span class='ocrx_word' id='word_1_438' title='bbox 1643 5576 1739 5628; x_wconf 87' lang='lat' dir='ltr'>anno</span> <span class='ocrx_word' id='word_1_439' title='bbox 1773 5557 1997 5644; x_wconf 86' lang='lat' dir='ltr'>principatus</span> <span class='ocrx_word' id='word_1_440' title='bbox 2035 5555 2149 5643; x_wconf 85' lang='lat' dir='ltr'>ipsius</span> 
     </span>
    </p>
   </div>
   <div class='ocr_carea' id='block_1_6' title="bbox 292 5709 2147 5894">
    <p class='ocr_par' dir='ltr' id='par_1_6' title="bbox 292 5709 2147 5894">
     <span class='ocr_line' id='line_1_35' title="bbox 292 5709 2147 5805; baseline -0.004 -17"><span class='ocrx_word' id='word_1_441' title='bbox 292 5718 417 5788; x_wconf 88' lang='lat' dir='ltr'>domni</span> <span class='ocrx_word' id='word_1_442' title='bbox 440 5717 572 5804; x_wconf 81' lang='lat' dir='ltr'>gisulfi,</span> <span class='ocrx_word' id='word_1_443' title='bbox 597 5735 719 5786; x_wconf 88' lang='lat' dir='ltr'>mense</span> <span class='ocrx_word' id='word_1_444' title='bbox 742 5715 874 5795; x_wconf 86' lang='lat' dir='ltr'>iunius,</span> <span class='ocrx_word' id='word_1_445' title='bbox 891 5717 1023 5805; x_wconf 81' lang='lat' dir='ltr'>quarta</span> <span class='ocrx_word' id='word_1_446' title='bbox 1044 5712 1254 5782; x_wconf 88' lang='lat' dir='ltr'>indictione.</span> <span class='ocrx_word' id='word_1_447' title='bbox 1279 5713 1431 5782; x_wconf 85' lang='lat' dir='ltr'>Declaro</span> <span class='ocrx_word' id='word_1_448' title='bbox 1456 5761 1615 5780; x_wconf 87' lang='grc'><strong>.....</strong></span> <span class='ocrx_word' id='word_1_449' title='bbox 1637 5715 1773 5800; x_wconf 79' lang='lat' dir='ltr'>absque</span> <span class='ocrx_word' id='word_1_450' title='bbox 1795 5709 1877 5782; x_wconf 83' lang='lat' dir='ltr'>filiis</span> <span class='ocrx_word' id='word_1_451' title='bbox 1896 5709 2042 5782; x_wconf 81' lang='lat' dir='ltr'>filiabus</span> <span class='ocrx_word' id='word_1_452' title='bbox 2057 5727 2147 5782; x_wconf 69' lang='lat' dir='ltr'>essse</span> 
     </span>
     <span class='ocr_line' id='line_1_36' title="bbox 437 5828 2079 5894; baseline -0.006 0"><span class='ocrx_word' id='word_1_453' title='bbox 437 5836 509 5894; x_wconf 72' lang='lat' dir='ltr'>lon.</span> <span class='ocrx_word' id='word_1_454' title='bbox 526 5849 564 5894; x_wconf 84' lang='lat' dir='ltr'>vu</span> <span class='ocrx_word' id='word_1_455' title='bbox 2045 5828 2079 5884; x_wconf 76' lang='grc'>11</span> 
     </span>
    </p>
   </div>
   <div class='ocr_carea' id='block_1_7' title="bbox 0 0 2704 7106">
    <p class='ocr_par' dir='ltr' id='par_1_7' title="bbox 0 0 2704 7106">
     <span class='ocr_line' id='line_1_37' title="bbox 0 0 2704 7106; baseline 0 9"><span class='ocrx_word' id='word_1_456' title='bbox 0 0 2704 7106; x_wconf 95' lang='lat' dir='ltr'> </span> 
     </span>
    </p>
   </div>
  </div>
 </body>
</html>
