5452 7108
626 467 667 538 lt
1270 467 1446 540 CODEX
1478 468 1736 542 ott'urlsls

576 665 678 748 parte
701 662 893 729 occidentis
919 661 1015 748 passi
1031 664 1224 749 sexaginta
1247 664 1328 742 duo,
1356 683 1465 750 usque
1489 663 1527 730 in
1543 663 1657 751 ipsum
1673 663 1898 742 cannietum;
1923 665 2051 732 abinde
2069 667 2271 732 rebolbeute
2297 669 2432 734 rectum

575 816 613 882 iu
636 821 738 902 parte
762 817 923 892 moridie,
942 819 1037 884 iusta
1056 818 1137 904 ipso
1161 819 1381 895 eannietum,
1399 818 1494 904 passi
1518 819 1732 906 quindecim,
1751 820 1879 888 abinde
1903 823 2038 886 rectum
2063 819 2101 886 in
2116 823 2218 906 parte
2240 820 2433 887 occidentis

574 987 674 1036 secus
697 971 771 1058 ipso
791 973 1029 1062 commotum,
1055 973 1151 1060 passi
1175 978 1309 1060 septem
1337 979 1373 1039 et
1395 975 1581 1052 cubitum,
1606 977 1651 1040 alt
1675 975 1756 1042 inde
1780 977 1916 1042 rectum
1940 975 1977 1042 in
2001 977 2103 1060 parte
2127 974 2300 1050 meridie,
2338 975 2435 1060 passi

576 1123 737 1190 undecim
764 1145 872 1211 usque
897 1127 942 1192 ad
967 1127 1036 1192 tine
1058 1127 1170 1212 ipsius
1194 1127 1383 1205 romoaldi,
1402 1131 1439 1194 et
1461 1128 1503 1194 de
1527 1128 1601 1214 ipso
1624 1148 1795 1214 germano
1819 1147 1894 1194 suo.
1921 1130 1973 1194 Ab
1997 1127 2066 1194 ista
2081 1145 2248 1194 mensura
2270 1127 2308 1193 in
2331 1131 2435 1213 parte

572 1278 764 1346 occidentis
789 1281 879 1366 quod
904 1283 961 1346 est
984 1280 1059 1366 ipso
1083 1282 1288 1348 eannietum
1314 1282 1564 1358 etsalicetum,
1582 1282 1850 1368 omnitempore
1873 1283 1961 1348 fiant
1983 1281 2021 1347 in
2045 1284 2146 1367 parte
2170 1281 2435 1368 septemtrionis

573 1435 716 1520 integra
740 1434 942 1510 medietate,
962 1435 1044 1502 inde
1068 1437 1181 1522 ipsius
1205 1438 1377 1504 romoaldi
1402 1438 1503 1503 etde
1527 1437 1601 1524 ipso
1625 1456 1796 1522 germano
1819 1455 1894 1514 suo,
1912 1439 1948 1500 et
1971 1437 2013 1503 de
2030 1435 2173 1502 illorum
2196 1437 2356 1514 heredes
2375 1455 2438 1504 re-

573 1589 672 1674 liqua
696 1591 884 1658 medietate
909 1590 947 1656 in
976 1593 1079 1676 parte
1103 1591 1251 1658 meridie
1273 1593 1363 1658 dant
1386 1593 1497 1678 ipsius
1521 1591 1608 1668 ursi,
1633 1597 1669 1657 et
1692 1593 1734 1658 de
1758 1591 1855 1658 illius
1877 1592 2037 1666 heredes,
2055 1591 2100 1659 ad
2124 1591 2324 1658 laciendum
2349 1591 2437 1658 inde

574 1762 638 1828 per
661 1747 793 1829 partes
812 1745 904 1828 quod
930 1744 1100 1822 boluerit,
1118 1744 1194 1812 sine
1219 1765 1291 1811 una
1314 1765 1398 1832 pars
1422 1747 1465 1812 de
1488 1745 1562 1812 alia
1585 1747 1851 1813 contrarietate.
1878 1747 1921 1810 Et
1936 1763 2000 1829 per
2015 1743 2274 1811 combenientia
2297 1744 2437 1830 guadia

574 1897 648 1983 ipse
672 1897 873 1964 romoaldus
896 1897 1007 1984 ipsius
1032 1899 1106 1966 ursi
1129 1899 1223 1976 dedi,
1249 1905 1285 1965 et
1310 1901 1549 1967 fideiussorem
1573 1902 1606 1967 ei
1629 1903 1746 1988 posuit
1768 1900 1949 1986 seipsum3
1975 1903 2011 1964 et
2033 1918 2096 1985 per
2119 1899 2231 1985 ipsam
2260 1867 2435 1984 guadiam

573 2051 750 2136 obligavit
772 2070 809 2116 sc
833 2051 907 2138 ipse
924 2053 1126 2121 romoaldus
1149 2057 1185 2119 et
1200 2071 1280 2120 suos
1305 2053 1427 2120 eredes
1442 2073 1581 2139 semper
1596 2055 1875 2141 permanendum
1898 2053 1936 2120 in
1951 2053 2194 2139 suprascripta
2210 2053 2437 2120 combenien-

572 2203 651 2284 tia,
676 2205 831 2291 qualiter
853 2206 1016 2293 superius
1038 2207 1199 2292 legitur,
1225 2227 1305 2274 cum
1330 2208 1445 2293 ipsum
1471 2227 1591 2273 ursum
1623 2211 1761 2273 etcum
1792 2207 1868 2273 eius
1891 2207 2050 2273 heredes.
2089 2209 2133 2272 Et
2158 2206 2189 2272 si
2214 2207 2336 2272 taliter
2359 2206 2436 2292 ipsc

573 2359 774 2429 romoaldus
798 2365 834 2426 et
856 2380 936 2427 suos
959 2362 1107 2451 heredes
1130 2382 1210 2428 eum
1234 2363 1354 2449 ipsum
1380 2382 1501 2428 ursum
1525 2366 1561 2427 et
1584 2383 1664 2428 oum
1687 2380 1767 2428 suos
1790 2362 1913 2428 ered'es
1947 2361 1985 2427 in
2019 2361 2263 2448 suprascripta
2298 2364 2438 2428 combe-

573 2514 722 2591 nientia,
748 2513 903 2601 qualiter
926 2518 1208 2604 suprascriptum
1232 2521 1298 2594 est,
1324 2517 1475 2583 ssrmiter
1499 2537 1569 2584 non
1592 2515 1873 2602 permanserint,
1899 2521 1936 2581 et
1958 2515 2201 2601 suprascripta
2224 2515 2281 2580 vel
2305 2515 2436 2582 exinde

575 2671 758 2734 remobere
782 2673 845 2736 aut
868 2673 1034 2738 eontrare
1058 2671 1303 2756 requisierint,
1322 2691 1386 2757 per
1409 2671 1522 2756 ipsam
1546 2671 1716 2756 guadiam
1738 2670 1911 2756 obligavit
1933 2688 1970 2736 se
1993 2669 2067 2755 ipse
2083 2669 2283 2735 romoaldus
2300 2672 2337 2734 et
2353 2687 2436 2736 suus

573 2822 736 2898 heredes,
762 2841 971 2910 componere
993 2825 1104 2911 ipsius
1128 2825 1202 2892 ursi
1226 2826 1331 2892 etad
1357 2825 1456 2893 illius
1480 2826 1627 2892 heredes
1651 2824 1914 2910 quinquaginta
1937 2823 2017 2890 auri
2032 2823 2164 2890 solidos
2180 2823 2437 2890 constantinia-

574 2995 657 3054 n05,
682 2981 718 3044 et
741 2978 779 3042 in
802 2979 1048 3066 suprascripta
1071 2980 1346 3054 combenieutia,
1376 2980 1532 3066 qualiter
1555 2979 1717 3066 superius
1739 2978 1899 3064 legitur,
1924 2978 2074 3043 tirmiter
2097 2979 2373 3062 permanerent,
2399 2979 2436 3040 et

572 3148 711 3216 semper
734 3131 808 3216 ipse
832 3133 1037 3200 romoaldus
1074 3137 1110 3198 et
1133 3133 1210 3198 eius
1233 3135 1384 3200 heredes
1419 3134 1555 3200 saciant
1577 3151 1787 3218 permanere
1821 3131 1858 3198 in
1882 3131 2126 3218 suprascripta
2162 3129 2435 3206 combenieutia,

574 3287 881 3371 quemammodum
897 3285 1062 3371 superius
1078 3285 1224 3372 legitur,
1249 3287 1367 3373 ipsum
1383 3285 1602 3373 grimoaldus
1618 3304 1789 3370 germano
1812 3305 1875 3350 suo
1898 3287 1934 3350 et
1950 3283 2047 3350 illius
2063 3284 2210 3350 heredes
2226 3301 2305 3348 eum
2322 3282 2436 3368 ipsum

574 3459 694 3508 ursum
719 3443 857 3506 etcum
881 3440 957 3507 eius
980 3441 1140 3519 heredes,
1165 3461 1229 3527 per
1252 3443 1497 3529 suprascripta
1520 3442 1653 3527 guadia
1676 3446 1712 3507 et
1734 3441 1893 3526 obligata
1917 3459 2019 3525 pena.
2046 3443 2082 3504 et
2107 3439 2227 3505 taliter
2251 3457 2314 3523 pro
2334 3441 2439 3524 parte>

573 3593 686 3690 ipsius
712 3595 784 3662 ursi
808 3601 842 3662 te
868 3597 1092 3664 romoaldum
1116 3597 1295 3666 notarium
1325 3597 1481 3664 scribere
1497 3597 1651 3682 precepi.

621 3749 647 3838 †
671 3754 744 3836 Ego
769 3751 829 3836 qui
852 3770 962 3837 supra
985 3755 1127 3818 amatus
1151 3749 1272 3817 itulex.

1410 4200 1624 4280 MLXV

1357 4445 1415 4519 A.
1444 4443 1501 4517 D.
1531 4445 1653 4519 1046

619 4679 654 4770 ᾗ
671 4681 708 4746 ln
733 4681 874 4747 nomine
901 4680 1037 4746 domiui
1063 4679 1226 4748 vicesimo
1251 4682 1402 4746 hoetalio
1437 4699 1531 4746 anuo
1555 4679 1776 4766 principatus
1806 4677 1939 4745 salerni
1963 4677 2082 4746 domni
2106 4678 2218 4746 nostri
2241 4679 2436 4746 Guaimarii

574 4833 722 4920 gloriosi
747 4833 919 4920 principis
944 4881 951 4910 ,
989 4836 1025 4900 et
1047 4837 1170 4902 octalio
1196 4853 1290 4900 anno
1315 4834 1538 4920 principatus
1560 4833 1636 4900 eius
1660 4852 1771 4918 capue
1794 4837 1831 4898 et
1852 4833 2002 4900 ducatus
2026 4832 2146 4900 amalfi
2169 4837 2205 4898 et
2227 4833 2435 4910 sirrentum,

576 5007 683 5073 quam
707 4991 743 5054 et
767 4987 892 5074 quinto
917 5008 1011 5055 anno
1035 4988 1361 5075 suprascriptorum
1378 4987 1642 5074 principatuum
1666 4991 1702 5053 et
1713 4987 1905 5054 ducatuum
1928 4987 2047 5054 domni
2059 4987 2178 5071 gisulfi
2201 4985 2325 5052 eximii
2339 4987 2437 5072 prin·

575 5141 666 5228 cipis
689 5145 725 5208 et
748 5143 847 5208 ducis
869 5141 941 5209 tilio
964 5143 1065 5220 eius,
1092 5145 1128 5209 et
1151 5145 1279 5228 quarto
1298 5162 1397 5217 ¹anno
1421 5143 1571 5209 ducatus
1594 5139 1737 5208 illorum
1760 5141 1879 5226 apulie
1902 5143 1938 5207 et
1961 5139 2142 5217 calabrie,
2167 5159 2286 5208 mense
2312 5141 2433 5217 lulius,

576 5297 846 5384 quartadecima
869 5296 1076 5364 indictione.
1103 5298 1195 5364 Ante
1218 5316 1274 5362 me
1301 5296 1461 5364 ademari
1486 5315 1601 5362 eomes
1624 5299 1660 5361 et
1684 5295 1790 5362 iudex
1815 5297 1990 5362 venerunt
2014 5297 2170 5363 Infantes
2190 5343 2386 5362 ........
2383 5297 2402 5360 t
2406 5297 2435 5360 l-

577 5451 680 5517 sanus
705 5454 741 5515 et
765 5449 924 5517 ademari
947 5449 1141 5536 germani,
1175 5453 1211 5514 et
1234 5449 1299 5515 filii
1324 5450 1501 5535 <prumiam
1527 5447 1695 5515 ramsredi
1715 5501 1722 5514 .
1745 5501 1752 5513 .
1775 5500 1857 5515 ....
1883 5448 2041 5515 ademari
2066 5449 2225 5516 notarius
2249 5453 2433 5536 parentem

575 5609 612 5671 et
634 5606 880 5673 aduocatorom
905 5624 1042 5680 eorum,
1061 5623 1166 5690 quam
1191 5607 1227 5669 ot
1250 5623 1329 5669 cum
1356 5603 1423 5689 ipsi
1440 5603 1595 5670 iulantes
1619 5603 1717 5668 venit
1740 5602 1868 5668 mulier
1884 5602 2025 5670 nomine
2049 5603 2260 5689 romelgaita
2283 5603 2436 5687 genitris

575 5779 714 5834 eorum,
742 5763 778 5825 ot
801 5759 929 5826 relicta
952 5758 1063 5845 ipsius
1089 5759 1271 5824 ramliedi:
1297 5761 1334 5824 et
1356 5759 1527 5836 dixerunt
1551 5757 1650 5836 mihi,
1666 5763 1706 5825 ut
1728 5758 1803 5844 ipso
1826 5757 1967 5842 genitor
1990 5777 2123 5836 eorum,
2150 5758 2289 5845 quando
2312 5759 2437 5825 desun-
