5454 7104
1035 527 1438 602 utrtoultltus
2049 529 2112 602 lat

315 726 370 792 est
392 744 456 811 pro
471 725 605 792 sedilia
629 726 684 790 rel
700 725 790 802 orto,
808 727 844 790 et
868 724 1034 791 habiente
1058 743 1080 790 a
1104 743 1187 810 pars
1210 723 1403 790 occidentis
1426 742 1526 789 secus
1542 723 1616 807 ipso
1640 723 1741 788 horto
1758 724 1931 808 prephato
1947 722 2163 790 monasterio

321 881 405 946 abet
434 897 553 964 passos
577 879 705 963 viginti
730 882 823 966 opto,
842 883 879 946 et
900 879 993 945 sicut
1016 879 1176 945 ascendit
1199 897 1262 964 per
1286 879 1355 944 line
1379 877 1542 944 domnica
1566 896 1588 943 a
1600 895 1685 978 pars
1707 876 1970 962 septemtrionis
1995 875 2165 962 usquein

320 1035 438 1120 prima
461 1035 529 1100 fine
554 1038 637 1102 sunt
659 1035 755 1121 passi
779 1031 906 1120 viginti
929 1053 1010 1100 cum
1033 1035 1130 1101 linea
1153 1035 1199 1102 ad
1223 1035 1315 1102 iusto
1340 1053 1472 1120 passu,
1508 1038 1547 1100 ut
1570 1033 1678 1102 liceat
1714 1051 1768 1099 rne
1792 1037 1829 1098 et
1851 1032 1939 1099 meis
1962 1032 2168 1110 heredibus,

319 1193 402 1256 nato
426 1192 606 1266 nascente,
634 1191 671 1258 in
694 1191 770 1278 ipsa
793 1191 954 1279 predicta
977 1193 1103 1260 sedilia
1127 1193 1295 1272 residere,
1322 1199 1358 1260 et
1381 1197 1496 1270 horto,
1522 1195 1552 1260 si
1576 1199 1736 1279 potuero,
1762 1214 1826 1282 pro
1849 1215 1907 1262 me
1930 1195 2086 1261 hibidem
2111 1197 2163 1261 fa-

318 1363 419 1418 eere,
446 1345 506 1410 het
529 1344 624 1411 inter
648 1346 712 1432 ipsi
738 1349 832 1432 passi
857 1349 976 1414 subere
1000 1348 1165 1415 laborare
1189 1349 1318 1423 binea,
1358 1354 1395 1415 et
1417 1350 1544 1417 salices
1573 1358 1609 1416 et
1633 1368 1737 1436 poma
1761 1349 1969 1434 pastinare,
1996 1351 2030 1414 et
2052 1349 2167 1416 omnis

320 1500 442 1564 nostre
466 1498 658 1566 hutilitatis
682 1500 836 1567 hibidem
861 1503 1000 1578 lacere,
1026 1505 1063 1568 et
1086 1501 1271 1569 licentiam
1297 1506 1465 1570 niteamus
1489 1521 1551 1569 nos
1575 1507 1611 1568 et
1634 1502 1764 1568 nostris
1788 1501 1977 1569 heredibus
2000 1501 2038 1568 in
2064 1505 2171 1568 rebus

316 1651 500 1736 praedicto
524 1655 734 1739 monasterio
758 1649 933 1731 introire,
959 1659 995 1722 et
1018 1655 1114 1722 iusta
1142 1657 1317 1723 rationem
1342 1659 1484 1724 arbores
1507 1655 1664 1724 incidere
1689 1655 1734 1722 ad
1758 1656 1836 1741 ipsa
1859 1654 1961 1741 pecia
1983 1655 2027 1721 de
2050 1659 2168 1732 terra,

315 1806 351 1870 et
373 1809 451 1872 orto
475 1807 691 1876 cludendum
716 1812 752 1875 et
776 1809 1027 1894 pedamentum
1052 1811 1280 1887 faciendum,
1306 1816 1342 1878 et
1365 1812 1532 1900 quicquid
1557 1811 1679 1879 vinum
1703 1787 1762 1877 vel
1786 1813 1888 1897 fruge
1912 1810 1995 1878 inde
2019 1809 2165 1888 exierit,

317 1960 441 2026 amodo
464 1964 500 2026 et
524 1979 634 2048 usque
657 1962 742 2029 anni
768 1966 927 2048 septem,
965 1963 1054 2030 mihi
1077 1963 1216 2050 meique
1241 1965 1431 2032 heredibus
1454 1966 1527 2031 sint
1549 1964 1717 2050 potestati
1748 1965 1825 2031 sine
1848 1964 1945 2030 omni
1970 1964 2169 2030 contrarie-

318 2114 458 2190 tatede
482 2115 556 2200 ipso
580 2118 709 2184 abbate
733 2118 769 2183 et
792 2117 869 2183 eius
892 2118 1152 2185 successoribus
1176 2122 1212 2185 et
1235 2138 1318 2206 pars
1342 2119 1418 2205 ipso
1442 2119 1670 2186 monasterio.
1697 2120 1779 2186 Post
1802 2117 1970 2204 completi
1994 2118 2063 2203 ipsi
2087 2136 2167 2202 sep-

318 2271 388 2334 tem
412 2267 498 2334 anni
523 2267 690 2354 quicquid
715 2271 836 2336 vinum
876 2273 932 2336 rel
955 2274 1058 2357 fruge
1082 2271 1164 2338 inde
1188 2270 1346 2347 exierit,
1385 2273 1467 2337 nato
1492 2270 1721 2345 nascentem,
1762 2271 1896 2336 lactum
1929 2248 2096 2356 paratum
2125 2271 2171 2336 ad

325 2423 397 2509 ipso
420 2423 642 2508 palmentum
666 2424 788 2492 demus
811 2425 855 2491 ad
880 2427 1053 2512 prephato
1076 2425 1197 2492 abbati
1221 2427 1367 2510 eiusque
1390 2423 1653 2490 successoribus
1687 2425 1727 2490 et
1752 2441 1837 2509 pars
1872 2423 2077 2490 monasterii.
2100 2425 2177 2488 ter-

318 2574 405 2641 tiam
430 2593 515 2660 pars
539 2577 647 2643 michi
672 2577 811 2664 meique
835 2577 1025 2646 heredibus
1049 2580 1256 2655 habeamus
1274 2577 1348 2663 ipse
1371 2577 1439 2642 due
1463 2577 1633 2662 partibus
1657 2579 1695 2642 et
1717 2576 1868 2643 hamodo
1891 2579 1928 2643 et
1950 2595 2089 2662 semper
2112 2575 2175 2641 de-

317 2731 428 2797 t'enset
450 2730 542 2797 illud
567 2735 667 2799 nobis
690 2733 806 2819 ipsum
830 2733 1039 2800 iamdictum
1063 2733 1255 2801 iohannem
1280 2737 1444 2801 abbatem
1467 2733 1504 2797 et
1526 2731 1601 2817 ipso
1625 2733 1802 2817 prephato
1827 2731 2055 2807 monasterio,
2075 2731 2175 2796 etad

317 2887 448 2954 nostris
473 2885 680 2963 heredibus,
712 2887 755 2954 de
778 2889 893 2955 omnis
917 2890 1076 2955 humana
1099 2907 1261 2974 persona,
1287 2907 1367 2952 cum
1391 2887 1540 2952 introitu
1565 2887 1601 2951 et
1624 2885 1738 2961 exitu,
1764 2887 1904 2950 etcum
1928 2883 2005 2950 bice
2028 2883 2072 2949 de
2095 2878 2175 2959 viis,

316 3043 455 3108 etcum
479 3041 598 3109 omnia
626 3044 722 3108 inter
745 3041 824 3128 ipsa
848 3047 947 3109 terra
971 3044 1195 3120 habentibus:
1212 3063 1306 3118 nam,
1332 3041 1362 3109 si
1387 3061 1449 3108 nos
1473 3041 1530 3106 vel
1554 3038 1686 3107 nostris
1711 3038 1900 3105 heredibus
1924 3038 2025 3104 exire
2050 3039 2170 3105 bolue-

318 3193 396 3264 ritis
419 3197 461 3264 de
485 3197 563 3283 ipsa
587 3201 692 3265 rebus
711 3246 718 3276 ,
749 3199 934 3265 licentiam
959 3201 1154 3266 habeamus
1178 3201 1344 3265 excutere
1367 3195 1487 3264 omnia
1508 3199 1630 3262 nostra
1655 3193 1802 3261 mobilia
1825 3196 1861 3260 et
1884 3195 2050 3280 periere,
2087 3193 2176 3260 hubi

318 3351 561 3429 boluerimus;
602 3327 688 3420 etsi
716 3372 826 3441 usque
850 3356 923 3421 tres
947 3373 1057 3421 annos
1080 3353 1211 3419 iterum
1235 3353 1273 3419 in
1298 3353 1419 3420 eodem
1444 3353 1519 3417 loco
1544 3352 1679 3418 rebersi
1704 3348 1905 3424 fuerimus,
1939 3350 2067 3415 iterum
2093 3348 2177 3432 ipsa

317 3506 483 3574 clusoria
505 3509 606 3574 nobis
629 3508 832 3594 nostrisque
856 3507 1046 3575 heredibus
1070 3507 1194 3574 redeat
1218 3505 1430 3591 potestatis,
1465 3506 1503 3571 in
1526 3503 1734 3590 supradicta
1758 3502 1899 3570 ratione
1922 3502 2014 3568 illud
2037 3502 2173 3569 haben-

318 3658 414 3726 dum.
440 3661 589 3738 Quodsi
616 3661 741 3738 taliter
765 3664 834 3728 eto:
873 3663 994 3728 Posito
1010 3663 1218 3746 fideiussore
1243 3660 1414 3728 therealdo
1440 3659 1515 3742 filio
1538 3660 1719 3742 quondum
1751 3658 1914 3726 loannis.
1947 3657 2092 3724 statuta
2124 3658 2177 3720 est

316 3816 452 3883 rriulctc
479 3817 610 3900 ripiuti
625 3819 712 3884 uari
727 3817 926 3884 solidorum
950 3816 1343 3883 constantinianomuu.
1363 3816 1407 3879 Et
1422 3814 1517 3879 hunc
1533 3813 1675 3878 brebem
1692 3810 1833 3878 scribsit
1857 3829 1923 3896 ego
1938 3809 2080 3878 Landus
2095 3827 2178 3894 pre-

319 3967 431 4036 sbiter
454 3971 490 4034 et
513 3969 676 4036 notarius
700 3975 800 4036 actus
823 3969 955 4036 cilento
978 3970 1015 4035 et
1037 3967 1203 4036 interfui.

365 4120 392 4213 †
419 4125 493 4206 Ego
517 4139 601 4188 orsu
626 4121 779 4188 clericus

363 4271 389 4365 †
416 4276 490 4359 Ego
514 4275 718 4342 romoaldus
741 4275 929 4362 presbiter.

1018 4433 1443 4445 Ἣ

1139 4699 1345 4794 MGXL

1098 4991 1157 5064 A.
1185 4989 1243 5063 D.
1272 4989 1399 5064 1050

369 5251 396 5342 †
421 5255 459 5320 ln
483 5257 625 5322 nomine
647 5255 780 5324 domini
805 5256 983 5344 trigesimo
1006 5257 1159 5326 secundo
1186 5276 1282 5324 anno
1305 5255 1527 5342 principatus
1551 5255 1668 5322 domni
1696 5255 1810 5321 nostri
1824 5253 2003 5340 guaimari
2020 5255 2178 5341 glorioso
2216 5245 2218 5249 ’

317 5403 489 5492 principe,
507 5409 545 5474 et
567 5407 751 5476 undecimo
779 5407 819 5493 ¹),
846 5429 939 5478 anno
961 5409 1110 5478 ducatus
1133 5409 1232 5477 illius
1256 5409 1376 5478 amalfi
1398 5411 1436 5476 et
1457 5409 1488 5492 ⁸)
1514 5409 1736 5484 surrentum,
1753 5411 1791 5475 et
1814 5428 1905 5476 nouo
1929 5427 2023 5476 anno
2047 5405 2179 5494 princi-

340 5594 552 5616 Μ

361 5681 386 5758 ¹)
408 5683 613 5744 Duodecimo.

357 5793 381 5866 't
404 5796 588 5858 Undecimo.

459 5907 530 5964 Tou.
548 5917 585 5962 ru
