5398 7106
573 497 581 512 ·
613 471 681 566 (11,
1248 461 1423 536 coosx
1452 459 1727 580 cavensis

562 666 684 734 raldus
707 674 742 732 et
763 663 894 730 nostris
916 660 1107 730 heredibus
1130 677 1340 748 componere
1363 659 1431 726 tibi
1452 657 1603 725 domnus
1626 655 1769 724 alfanus
1792 655 1904 724 abbas
1942 655 1979 720 et
2007 653 2052 720 ad
2077 656 2214 720 vestros
2249 655 2411 740 posteros

563 826 600 889 et
622 838 706 907 pars
728 819 845 906 ipsum
869 817 1137 894 monasterium,
1162 818 1300 884 etcum
1325 813 1499 902 scriptum
1523 815 1631 881 istum
1655 829 1718 899 pro
1742 809 1819 878 vice
1841 827 1927 896 pars
1949 808 2066 895 ipsum
2090 807 2346 876 monasterinm
2374 809 2416 876 in

564 993 673 1044 manu
695 973 871 1061 paruerit,
896 969 1161 1060 quinquaginta
1184 969 1266 1038 auri
1287 965 1421 1063 solidos
1444 965 1678 1045 constantini3
1695 967 1733 1033 et
1754 964 1876 1034 omnia
1891 983 1960 1053 que
1975 983 2087 1051 sopra
2109 963 2257 1050 legitur,
2283 963 2322 1030 in
2337 983 2421 1051 pre·

561 1129 657 1198 dicto
680 1127 831 1198 hordine
853 1127 1005 1196 firmiter
1028 1129 1267 1214 permaneat,
1303 1127 1341 1192 et
1362 1124 1487 1192 taliter
1510 1123 1656 1192 scribsit
1676 1141 1743 1209 ego
1766 1121 1993 1208 grimoaldus
2011 1121 2163 1190 clericus
2197 1122 2234 1188 et
2257 1118 2419 1188 notarius

562 1285 624 1373 qui
647 1283 808 1359 interlui,
832 1283 953 1351 actum
977 1281 1141 1350 cilentus.

606 1439 635 1530 †
658 1439 806 1524 Signum
830 1453 957 1504 manus
980 1435 1040 1526 qui
1065 1453 1178 1521 supra
1202 1435 1356 1502 Alsanus
1379 1435 1503 1501 abbas.

468 1599 471 1606 '
608 1592 636 1684 †
658 1593 808 1679 Signum
832 1609 955 1660 manus
980 1589 1055 1658 ursi
1077 1589 1144 1658 lllii
1167 1590 1271 1657 citro

608 1747 635 1840 †
658 1748 806 1834 Signum
830 1764 956 1815 manus
980 1763 1061 1814 urso
1084 1744 1179 1812 lilius
1202 1743 1379 1832 quoddam
1409 1741 1576 1810 maraldu
1600 1740 1737 1808 clerici.

1302 2163 1694 2244 MCLXXVIII

1353 2411 1414 2485 A.
1442 2409 1499 2483 D.
1529 2410 1654 2485 1053

609 2676 636 2770 †
660 2679 698 2746 ln
723 2677 866 2746 nomine
889 2671 1023 2744 domini
1046 2675 1254 2744 duodecimo
1277 2693 1371 2744 anno
1395 2674 1616 2762 principatus
1638 2674 1758 2743 domni
1783 2674 1895 2742 nostri
1918 2672 2039 2760 gisuld
2060 2671 2208 2758 gloriosi
2232 2671 2419 2760 principis,

569 2821 690 2902 mense
713 2830 892 2912 martius,
916 2833 1022 2900 sexta
1045 2831 1253 2899 indictione.
1280 2830 1428 2918 ideoque
1452 2849 1519 2916 ego
1543 2829 1754 2916 goiselmari
1779 2828 1986 2898 vicecomite
2008 2825 2104 2894 illius
2128 2826 2308 2914 quondam
2332 2844 2427 2893 mar·

570 2987 651 3066 tini,
676 2987 845 3075 quoniam
869 3003 934 3072 per
957 2985 1145 3054 licentiam
1169 2985 1296 3052 domne
1320 2985 1490 3052 theodore
1513 2983 1584 3051 dlie
1608 2983 1770 3078 gregorii
1793 2987 1830 3051 et
1853 2983 1898 3050 de
1914 2981 2035 3049 domni
2058 2979 2267 3066 guaimarii,
2286 2986 2323 3050 et
2344 3003 2427 3071 gre-

569 3141 676 3228 gorii,
702 3143 739 3208 et
761 3140 910 3228 guidoni
932 3143 969 3208 et
992 3140 1140 3208 iohanni
1163 3140 1332 3226 germani
1349 3139 1415 3206 lllii
1438 3139 1494 3207 sui
1518 3138 1703 3207 etseniori
1727 3137 1797 3204 mei
1814 3135 1965 3205 tradidit
1987 3135 2033 3204 ad
2049 3136 2222 3205 iohannes
2245 3137 2422 3224 presbiter

569 3303 607 3368 et
630 3303 741 3370 abbas
763 3301 914 3369 ecclesie
936 3303 1148 3368 vocabulum
1171 3301 1288 3369 sancti
1312 3301 1448 3386 angeli,
1466 3319 1535 3387 que
1558 3300 1629 3368 sita
1652 3303 1707 3368 est
1729 3301 1768 3368 in
1791 3301 1941 3388 propria
1964 3303 2070 3368 rebus
2085 3300 2282 3388 supradicti
2306 3299 2428 3368 domni

571 3455 685 3523 nostri
708 3455 854 3533 seniori,
880 3455 1058 3523 inlocum
1082 3455 1145 3543 qui
1167 3455 1300 3524 dicitur
1324 3457 1534 3532 velanzanu‚
1559 3456 1688 3524 finibus
1710 3459 1820 3543 caput
1842 3456 1958 3544 aquis,
1976 3456 2069 3544 quod
2093 3459 2262 3532 antehos
2286 3461 2428 3544 tempus

572 3609 719 3679 domnus
743 3610 937 3696 paldolfus,
962 3609 1024 3699 qui
1047 3609 1116 3679 luit
1138 3609 1282 3697 genitor
1304 3611 1502 3698 supradicti
1526 3609 1646 3678 domni
1670 3613 1783 3680 nostri
1806 3611 1938 3681 seniori
1958 3660 1967 3689 ,
2000 3615 2037 3680 et
2060 3613 2176 3679 virum
2199 3611 2424 3699 supranomi-

572 3768 656 3832 nate
680 3765 807 3834 domne
831 3769 953 3834 nostre
976 3767 1157 3845 theodore,
1184 3769 1349 3853 paratam
1372 3767 1475 3834 illam
1498 3767 1600 3836 abuit
1622 3767 1669 3836 da
1691 3768 1875 3836 dauferius
1898 3767 1993 3836 tilius
2017 3767 2194 3855 quondam
2218 3768 2358 3845 disidei;
2375 3770 2432 3834 set
2529 3817 2532 3823 .

572 3919 673 3987 modo
695 3939 760 4006 per
782 3922 968 3988 licentiam
991 3921 1188 4008 supradicti
1215 3921 1327 3990 nostri
1353 3921 1487 3990 seniori
1521 3924 1558 3988 et
1580 3939 1645 4010 per
1676 3921 1822 3990 illorum
1857 3922 2131 3992 demandatione
2166 3923 2317 3991 tradidit
2351 3923 2430 4010 ipsa

573 4077 716 4161 prelata
739 4076 889 4144 ecclesie
913 4077 958 4144 ad
982 4075 1172 4145 iamdictus
1196 4078 1369 4146 iohannes
1391 4079 1568 4164 presbiter
1591 4081 1628 4146 et
1651 4079 1761 4147 abbas
1784 4098 1866 4146 cum
1891 4077 2052 4164 regimen
2086 4079 2129 4146 de
2161 4077 2240 4164 ipsa
2262 4078 2429 4156 ecclesia,

576 4229 669 4300 idest
692 4227 782 4299 liver
805 4231 927 4300 comiti
952 4233 1049 4309 duo,
1086 4232 1306 4300 antifonaria
1329 4231 1372 4300 de
1395 4232 1453 4300 dio
1479 4252 1589 4300 unum
1613 4232 1746 4300 etalio
1770 4233 1814 4300 de
1837 4235 1951 4310 nocte,
1977 4233 2151 4318 psalteria
2173 4233 2271 4311 dua,
2295 4233 2427 4328 omelia

575 4383 743 4470 quaterni
767 4384 1068 4472 vigintiquinque,
1095 4385 1255 4453 turibulo
1278 4385 1322 4452 de
1345 4391 1501 4471 argento
1527 4406 1612 4464 unu,
1638 4387 1787 4473 planeta
1810 4387 1854 4455 de
1877 4383 1987 4454 sirion
2013 4405 2108 4464 una,
2133 4388 2263 4455 amitto
2287 4387 2331 4455 de
2353 4389 2432 4455 seta

573 4557 681 4606 unum
704 4539 741 4604 et
765 4556 875 4606 unum
897 4541 999 4606 orale
1021 4540 1151 4608 sestaci
1174 4540 1219 4607 de
1241 4541 1349 4608 sirico
1375 4559 1460 4617 unu,
1487 4557 1622 4626 pannos
1645 4539 1777 4607 sericos
1801 4540 1887 4616 tres,
1913 4540 2050 4608 manuli
2073 4539 2117 4606 de
2140 4539 2250 4609 siriou
2274 4541 2366 4622 duo,
2391 4547 2429 4611 et

575 4694 675 4759 orale
699 4689 743 4758 de
766 4689 874 4758 siricu
899 4709 1017 4758 unum.
1044 4690 1115 4759 Alii
1138 4694 1231 4761 orali
1255 4693 1299 4759 de
1321 4693 1399 4762 linu
1423 4695 1607 4780 quattuor,
1632 4692 1807 4760 amiciora
1830 4696 1917 4771 tres,
1934 4694 2079 4780 planete
2102 4694 2146 4760 de
2161 4692 2237 4761 lino
2262 4695 2343 4774 due,
2357 4695 2427 4764 duo

576 4845 723 4920 camisa,
749 4847 900 4931 cingulo
923 4864 1045 4922 unum,
1070 4849 1107 4912 et
1129 4846 1197 4914 due
1221 4847 1383 4924 cortine,
1409 4811 1575 4916 sindones
1599 4850 1797 4934 quattuor,
1824 4847 1985 4916 turibula
2007 4848 2051 4915 de
2075 4867 2172 4916 rame
2196 4849 2295 4928 dua,
2321 4849 2432 4937 iuppa

578 5017 678 5077 una,
706 4999 819 5068 backe
842 4999 912 5067 due
934 5020 1014 5068 cum
1041 4999 1105 5067 lllii
1130 5001 1218 5077 dui,
1256 5001 1328 5068 dua
1351 5001 1456 5088 paria
1479 5001 1523 5068 de
1547 5001 1626 5068 vovi
1650 5019 1731 5068 cum
1762 5001 1883 5070 omnia
1913 5000 2059 5068 illorum
2084 5005 2298 5088 paratoria,
2336 5001 2435 5070 asini

579 5155 761 5241 quattuor,
786 5153 945 5222 iomenta
962 5173 1088 5253 ¹unam,
1116 5156 1227 5224 backe
1250 5156 1322 5224 alie
1345 5155 1426 5232 doe,
1454 5155 1547 5222 bntti
1568 5153 1616 5222 da
1639 5155 1762 5222 vinum
1786 5157 1912 5223 nobem
1935 5157 1972 5223 et
1994 5155 2314 5242 tratturiaunam,
2340 5158 2436 5224 trat-

580 5309 678 5377 turia
701 5309 749 5378 da
771 5308 863 5376 vitto
890 5311 963 5377 tres
985 5313 1022 5376 et
1045 5311 1120 5378 tine
1143 5313 1282 5388 nobem,
1307 5329 1416 5398 capre
1440 5309 1617 5386 undecim,
1642 5309 1725 5377 edos
1748 5312 1896 5396 septem,
1921 5311 2109 5397 capessuri
2132 5313 2218 5388 tres,
2236 5313 2319 5379 obes
2343 5313 2432 5390 tros,

581 5463 723 5550 peculio
749 5482 869 5540 unum,
895 5469 931 5532 et
953 5464 997 5532 de
1021 5467 1118 5552 porci
1142 5465 1260 5532 scurie
1275 5465 1344 5532 due
1359 5467 1396 5532 et
1419 5483 1529 5551 porca
1551 5463 1649 5532 scuri
1671 5469 1756 5540 tres,
1782 5462 1821 5530 in
1836 5481 1925 5530 auro
1947 5462 2052 5531 solidi
2076 5467 2258 5550 quattuor,
2274 5467 2430 5533 scutelle

582 5617 752 5706 quinque,
777 5616 846 5686 duo
870 5619 1000 5698 alvari,
1025 5618 1175 5688 colcitra
1199 5638 1283 5697 una,
1309 5619 1451 5706 plaione
1476 5637 1598 5695 onum,
1623 5618 1706 5685 lena
1729 5618 1899 5704 polemita
1923 5637 2017 5696 una,
2042 5621 2176 5687 setazm
2198 5619 2270 5688 dua
2290 5667 2298 5696 ,
2324 5623 2429 5688 cribo

583 5791 705 5840 onum.
732 5775 857 5851 totum,
884 5779 925 5842 ut
946 5773 1240 5861 supradiximus,
1265 5793 1330 5860 per
1354 5772 1539 5840 licentiam
1555 5773 1761 5860 supradicte
1775 5775 1903 5843 domne
1926 5777 2046 5842 nostre
2061 5773 2243 5852 theodore,
2262 5777 2300 5842 et
2314 5773 2440 5842 domni
