5452 7108
643 494 687 566 22
1309 487 1486 562 COUEX
1513 484 1786 558 cavensis

594 687 770 764 dederint,
795 685 973 754 abendum
996 685 1070 754 illis
1093 687 1131 753 et
1153 685 1297 754 illorum
1321 684 1472 752 heredes
1495 682 1563 770 ipsi
1587 682 1686 750 brebi
1717 699 1857 768 semper
1890 679 1929 748 in
1951 679 2198 767 suprascripta
2222 677 2379 748 ratione.
2405 681 2451 747 Et

593 842 636 923 si,
660 841 755 908 sicut
775 841 940 928 superius
962 839 1137 926 scriptum
1161 841 1228 918 est,
1254 857 1320 907 nos
1343 838 1507 906 iamdicti
1530 837 1587 905 vir
1609 840 1647 904 et
1669 855 1762 904 uxor
1785 819 1822 903 et
1837 835 1968 904 nostris
1983 835 2187 912 heredibus
2204 834 2362 922 ipsorum
2377 851 2452 901 ma·

594 998 648 1061 ter
670 996 708 1062 et
729 993 836 1070 dlius,
860 995 898 1059 et
920 992 966 1060 ad
988 991 1134 1060 illorum
1157 991 1319 1070 heredes
1344 1009 1416 1059 non
1439 987 1774 1076 adimpleberimus,
1799 993 1836 1056 et
1858 987 2105 1076 suprascripta
2126 987 2184 1054 rel
2207 1007 2253 1054 ex
2277 986 2328 1054 eis
2352 986 2453 1073 quic·

591 1161 700 1231 quarn
723 1145 906 1210 remobere
929 1147 994 1212 aut
1015 1143 1262 1212 contradicere
1285 1143 1619 1232 presumpserimus,
1633 1162 1697 1231 per
1720 1144 1833 1231 ipsam
1857 1141 2028 1229 guadiam
2052 1161 2116 1210 nos
2139 1142 2300 1210 iamdicti
2324 1140 2450 1212 iohan-

592 1317 655 1366 nes
677 1301 715 1366 et
737 1301 864 1368 aloara
884 1299 1125 1386 obligabimus
1148 1317 1212 1366 nos
1235 1301 1272 1366 et
1296 1302 1436 1366 nostros
1459 1297 1608 1366 heredes
1630 1315 1841 1384 componere
1864 1297 2022 1384 ipsorum
2044 1315 2152 1382 geere
2175 1300 2211 1364 et
2228 1317 2310 1364 urso
2333 1299 2450 1395 mater

591 1457 628 1520 ct
648 1453 735 1531 filio,
760 1458 797 1522 et
819 1454 865 1522 ad
888 1453 1034 1522 illorum
1057 1453 1218 1530 heredes,
1236 1452 1283 1520 ad
1306 1454 1456 1540 duplum
1479 1451 1741 1538 suprascriptos
1767 1449 1909 1529 solidos,
1926 1451 1964 1516 et
1985 1450 2106 1518 omnia
2128 1450 2375 1537 suprascripta
2390 1449 2453 1518 ad-

591 1609 803 1695 impleamus
826 1608 984 1696 ipsorum
1008 1611 1124 1676 mater
1146 1609 1184 1674 et
1205 1607 1327 1684 illius,
1352 1611 1390 1673 et
1412 1606 1458 1674 ad
1482 1606 1627 1674 illorum
1652 1606 1824 1684 heredes;
1848 1609 1885 1673 et
1907 1606 1976 1672 due
2010 1606 2149 1672 cartule
2177 1605 2283 1672 unius
2316 1603 2453 1672 tenoris

591 1763 674 1830 inde
696 1763 853 1830 scribere
869 1763 1087 1848 rogabimus
1113 1762 1184 1830 ista
1200 1762 1293 1849 quod
1309 1761 1492 1829 emisimus
1507 1761 1665 1847 ipsorum
1690 1763 1806 1827 mater
1829 1762 1866 1825 et
1879 1757 1988 1835 filius,
2006 1763 2042 1825 et
2065 1759 2174 1826 aliam
2190 1758 2343 1826 similem
2359 1757 2451 1846 quod

591 1913 673 1980 inde
697 1913 798 1981 nobis
822 1914 1029 1992 retinemus
1055 1917 1091 1980 te
1115 1913 1335 1981 romoaldum
1359 1914 1540 1982 notarium
1564 1914 1721 1982 scribere
1744 1914 1962 2000 rogabimus.

636 2068 663 2160 †
687 2073 762 2156 Ego
785 2069 847 2158 qui
869 2089 980 2157 supra
1003 2070 1163 2138 ademari
1187 2070 1310 2137 iudex.

1332 2353 1705 2367 m

1397 2577 1615 2659 MLXX

1312 2941 1316 2948 1
1364 2824 1423 2898 Α.
1451 2823 1509 2898 D.
1538 2825 1663 2900 1046

631 2989 658 3082 †
682 2993 721 3058 ln
745 2992 888 3059 nomine
912 2992 1051 3060 domini
1076 2993 1244 3062 vicesimo
1270 3013 1364 3062 nono
1387 3013 1482 3061 anno
1498 2994 1723 3096 principatus
1746 2995 1881 3061 salerni
1904 2993 2025 3062 domni
2049 2993 2162 3060 nostri
2178 2993 2361 3079 guaimari
2376 2994 2453 3080 glo-

591 3144 676 3212 riosi
699 3145 885 3234 principis,
910 3151 947 3213 et
969 3167 1063 3215 nono
1086 3167 1180 3215 anno
1204 3149 1429 3235 principatus
1451 3150 1529 3216 cius
1551 3169 1683 3236 capue,
1709 3151 1746 3215 et
1767 3151 1894 3216 octabo
1918 3168 2012 3217 anno
2035 3150 2186 3217 ducatus
2209 3148 2308 3216 illius
2332 3149 2454 3216 amalfi

590 3301 627 3365 et
638 3298 809 3376 sirrentu,
834 3302 871 3367 et
894 3301 1018 3388 quinto
1030 3321 1125 3368 anno
1141 3275 1467 3388 suprascriptorum
1483 3269 1750 3388 principatuum
1766 3304 1803 3367 et
1817 3302 2011 3369 ducatuum
2027 3301 2147 3370 domni
2161 3302 2281 3388 gisulfi
2295 3302 2372 3370 eius
2387 3303 2453 3370 dlii

589 3452 715 3519 eximii
738 3453 911 3540 principis
935 3458 971 3520 et
994 3429 1094 3521 ducis
1116 3501 1124 3532 ,
1149 3459 1339 3542 etquarto
1362 3475 1457 3522 anno
1481 3456 1632 3524 ducatus
1656 3457 1801 3524 illorum
1824 3456 1944 3542 apulie
1967 3460 2004 3524 et
2026 3455 2210 3534 calabrie,
2250 3475 2371 3524 mense
2394 3457 2456 3524 de-

589 3609 744 3683 cember,
762 3606 1029 3694 quintadecima
1052 3606 1260 3674 indictione.
1287 3611 1363 3694 Ego
1386 3611 1510 3695 petrus
1525 3610 1696 3678 diaconus
1718 3611 1812 3677 tilius
1828 3611 2008 3698 quondam
2030 3611 2181 3679 iohanni
2197 3611 2243 3681 ad
2259 3610 2454 3679 tenendum

589 3762 626 3827 et
647 3761 921 3846 gubernandum
945 3759 1095 3828 tradidit
1118 3761 1227 3829 michi
1251 3761 1400 3829 domnus
1423 3763 1573 3830 alferius
1595 3763 1766 3830 diaconus
1789 3764 2069 3850 archipresbiter
2103 3767 2140 3832 et
2162 3767 2273 3833 abbas
2303 3765 2456 3834 ecclesia

589 3913 706 3980 sancti
729 3913 879 3980 maximi
903 3933 971 4000 que
995 3918 1050 3981 est
1072 3875 1268 3982 dominium
1292 3914 1404 4000 ipsius
1426 3915 1603 3992 ecclesie,
1640 3915 1792 3982 ecclesia
1815 3916 2023 3982 bocabolum
2045 3915 2162 3982 sancti
2186 3913 2347 3992 nicolai,
2385 3934 2454 4002 que

590 4071 796 4136 constructa
819 4067 933 4135 estin
958 4071 1063 4134 rebus
1086 4066 1130 4132 de
1153 4066 1302 4134 ecclesie
1325 4066 1364 4132 in
1387 4067 1504 4133 locum
1528 4066 1646 4153 priato
1677 4087 1758 4136 cum
1781 4069 1945 4138 omnibus
1968 4071 2075 4137 rebus
2108 4072 2146 4134 et
2168 4087 2315 4134 causam
2337 4069 2454 4136 eidem

587 4223 738 4291 ecclesie
761 4221 877 4291 sancti
901 4221 1047 4300 nicolai,
1067 4242 1136 4309 que
1160 4226 1215 4290 est
1238 4224 1345 4288 rebus
1369 4223 1448 4308 ipsa
1471 4242 1540 4288 uno
1564 4222 1681 4288 ortale
1696 4223 1926 4290 coniunctum
1949 4223 2124 4310 cumipse
2146 4223 2310 4301 ecclesia,
2328 4225 2455 4292 etuna
2494 4245 2500 4260 ·

566 4457 571 4466 ‚
590 4379 693 4466 pecie
715 4379 758 4446 de
781 4381 881 4446 terra
897 4341 985 4446 ¹cum
1008 4378 1165 4446 arbustis
1189 4377 1387 4465 propinquo
1411 4377 1491 4464 ipsa
1513 4375 1679 4456 ecclesia,
1696 4377 1789 4466 quod
1813 4398 1835 4446 a
1857 4397 1923 4444 sua
1945 4381 2050 4464 parte
2072 4377 2119 4445 ad
2141 4379 2377 4446 laborandum
2400 4399 2455 4446 re-

590 4533 702 4600 tinuit
724 4533 868 4600 alfanus
891 4533 985 4599 fliius
1008 4531 1171 4608 iohanni,
1189 4534 1226 4597 et
1248 4530 1327 4618 ipsa
1350 4532 1498 4600 mobilia
1513 4537 1579 4600 est:
1596 4533 1818 4606 Antifanarii
1841 4535 1910 4602 due
1933 4533 1976 4600 de
1992 4533 2050 4602 die
2073 4535 2111 4600 et
2133 4535 2237 4600 nocte
2259 4534 2304 4601 de
2327 4533 2456 4602 circoi-

590 4696 667 4759 tum
690 4693 806 4769 anni,
833 4691 1002 4758 manuale
1026 4691 1069 4756 do
1093 4689 1282 4757 circuitum
1306 4689 1422 4765 anni,
1455 4691 1492 4756 et
1514 4707 1588 4757 una
1608 4689 1740 4757 omelia
1763 4690 1887 4776 legata
1910 4709 1978 4776 que
2002 4691 2086 4756 abet
2109 4689 2278 4776 quaterni
2301 4689 2455 4775 triginta

590 4868 669 4935 sex,
694 4851 731 4914 et
754 4867 864 4915 unum
889 4851 1072 4933 gestarum
1096 4809 1311 4932 regatuqui
1328 4849 1411 4914 abet
1434 4847 1602 4934 quaterni
1625 4847 1841 4934 quindecim,
1858 4848 1970 4925 orale,
1996 4845 2154 4932 planeta,
2172 4845 2358 4924 ammitte,
2383 4846 2457 4915 sin-

589 5003 693 5080 done,
719 5001 860 5069 cortina
882 5021 968 5078 una,
995 4999 1183 5071 tiribulum
1206 5015 1328 5066 ereum
1354 5019 1489 5068 unum:
1513 5001 1592 5088 ipsa
1615 5000 1761 5068 mobilia
1783 5003 1820 5068 et
1842 5001 1920 5088 ipsa
1943 5002 2048 5068 rebus
2071 4997 2146 5086 ipsc
2169 5000 2318 5067 domnus
2341 5003 2453 5068 abbas

592 5157 701 5225 michi
725 5156 877 5224 tradidit
900 5156 967 5225 tali
989 5155 1144 5232 ordine,
1181 5156 1222 5222 ut
1244 5153 1369 5222 amodo
1392 5159 1429 5222 et
1452 5155 1576 5223 diebus
1600 5155 1671 5222 bite
1694 5173 1795 5231 mee,
1821 5172 1898 5220 mee
1920 5152 1994 5220 sint
2015 5151 2202 5239 potestatis
2225 5153 2310 5221 illut
2332 5157 2458 5222 tenen-

592 5311 689 5388 dum,
716 5311 815 5378 sebee
838 5313 876 5377 et
896 5310 1012 5378 omnis
1034 5327 1112 5376 mee
1137 5307 1303 5376 utilitatis
1325 5307 1378 5375 ibi
1401 5307 1540 5375 iaciant
1562 5307 1657 5375 iusta
1680 5309 1833 5387 ratione,
1861 5309 1959 5376 etin
1984 5327 2068 5376 casa
2092 5327 2161 5396 que
2183 5309 2279 5377 iusta
2301 5308 2380 5396 ipsa
2399 5329 2457 5376 ec-

591 5465 703 5533 clesia
726 5468 792 5544 est,
810 5465 861 5532 ibi
877 5465 1097 5533 resideamus
1121 5465 1158 5530 et
1172 5463 1351 5530 abitemus
1375 5447 1499 5530 diebus
1522 5462 1594 5531 bite
1617 5481 1707 5541 mee,
1725 5467 1763 5530 et
1784 5465 1862 5552 ipsa
1886 5467 1991 5532 rebus
2013 5465 2218 5532 laboremus
2241 5467 2345 5542 bona,
2362 5465 2459 5532 sicut

483 5687 485 5692 ,
594 5621 789 5699 meruerit,
816 5623 856 5688 ut
879 5640 944 5708 per
966 5619 1081 5688 omnis
1103 5638 1238 5686 annum
1262 5617 1452 5703 proficiant
1474 5620 1511 5684 et
1534 5635 1606 5684 non
1628 5617 1854 5706 dispereant,
1880 5620 1917 5685 et
1939 5618 2102 5705 quicquit
2124 5618 2208 5686 inde
2231 5617 2378 5697 exierit,
2404 5623 2455 5686 to-

593 5779 669 5842 tum
693 5775 768 5844 sint
790 5794 868 5842 mee
891 5772 1089 5862 potestatis,
1115 5770 1319 5840 faciendum
1342 5770 1431 5839 inde
1449 5773 1542 5860 quod
1566 5772 1811 5851 boluerimuS,
1836 5775 1873 5839 ct
1896 5771 1974 5859 ipsa
1996 5774 2148 5841 ccclesia
2170 5773 2300 5841 cotidie
2323 5773 2458 5841 officie-
