<?xml version="1.0" encoding="UTF-8"?>
<!DOCTYPE html PUBLIC "-//W3C//DTD XHTML 1.0 Transitional//EN"
    "http://www.w3.org/TR/xhtml1/DTD/xhtml1-transitional.dtd">
<html xmlns="http://www.w3.org/1999/xhtml" xml:lang="en" lang="en">
 <head>
  <title>
</title>
<meta http-equiv="Content-Type" content="text/html;charset=utf-8" />
  <meta name='ocr-system' content='tesseract 3.04.00' />
  <meta name='ocr-capabilities' content='ocr_page ocr_carea ocr_par ocr_line ocrx_word'/>
</head>
<body>
  <div class='ocr_page' id='page_1' title='image "./codexdiplomatic01aragoog_0166.png"; bbox 0 0 5454 7104; ppageno 0'>
   <div class='ocr_carea' id='block_1_1' title="bbox 624 439 1737 524">
    <p class='ocr_par' dir='ltr' id='par_1_1' title="bbox 624 439 1737 524">
     <span class='ocr_line' id='line_1_1' title="bbox 624 439 1737 524; baseline -0.009 0"><span class='ocrx_word' id='word_1_1' title='bbox 624 449 693 524; x_wconf 77' lang='lat'>130</span> <span class='ocrx_word' id='word_1_2' title='bbox 1269 439 1441 514; x_wconf 70' lang='lat' dir='ltr'>CODEX</span> <span class='ocrx_word' id='word_1_3' title='bbox 1480 439 1737 514; x_wconf 78' lang='lat' dir='ltr'>cAvthtS</span> 
     </span>
    </p>
   </div>
   <div class='ocr_carea' id='block_1_2' title="bbox 562 632 2442 3640">
    <p class='ocr_par' dir='ltr' id='par_1_2' title="bbox 562 632 2442 3018">
     <span class='ocr_line' id='line_1_2' title="bbox 586 632 2428 728; baseline -0.005 -17"><span class='ocrx_word' id='word_1_4' title='bbox 586 647 695 712; x_wconf 82' lang='lat' dir='ltr'>nostri</span> <span class='ocrx_word' id='word_1_5' title='bbox 722 641 838 728; x_wconf 82' lang='lat' dir='ltr'>gisolfi</span> <span class='ocrx_word' id='word_1_6' title='bbox 861 635 936 706; x_wconf 88' lang='lat' dir='ltr'>eius</span> <span class='ocrx_word' id='word_1_7' title='bbox 958 637 1036 715; x_wconf 85' lang='lat' dir='ltr'>tilii,</span> <span class='ocrx_word' id='word_1_8' title='bbox 1062 656 1181 704; x_wconf 90' lang='lat' dir='ltr'>mense</span> <span class='ocrx_word' id='word_1_9' title='bbox 1206 637 1343 724; x_wconf 77' lang='lat' dir='ltr'>aprilis,</span> <span class='ocrx_word' id='word_1_10' title='bbox 1369 636 1478 704; x_wconf 86' lang='lat' dir='ltr'>tertia</span> <span class='ocrx_word' id='word_1_11' title='bbox 1501 634 1707 704; x_wconf 81' lang='lat' dir='ltr'>indictione.</span> <span class='ocrx_word' id='word_1_12' title='bbox 1740 632 2028 700; x_wconf 89' lang='lat' dir='ltr'>Memoratorium</span> <span class='ocrx_word' id='word_1_13' title='bbox 2054 634 2185 701; x_wconf 83' lang='lat' dir='ltr'>sactum</span> <span class='ocrx_word' id='word_1_14' title='bbox 2212 654 2234 701; x_wconf 91' lang='lat' dir='ltr'>a</span> <span class='ocrx_word' id='word_1_15' title='bbox 2258 653 2313 701; x_wconf 88' lang='lat' dir='ltr'>me</span> <span class='ocrx_word' id='word_1_16' title='bbox 2336 633 2428 702; x_wconf 89' lang='lat' dir='ltr'>mari</span> 
     </span>
     <span class='ocr_line' id='line_1_3' title="bbox 575 784 2427 878; baseline -0.005 -17"><span class='ocrx_word' id='word_1_17' title='bbox 575 795 647 862; x_wconf 87' lang='lat' dir='ltr'>illio</span> <span class='ocrx_word' id='word_1_18' title='bbox 673 795 802 870; x_wconf 82' lang='lat' dir='ltr'>nicole,</span> <span class='ocrx_word' id='word_1_19' title='bbox 820 811 861 860; x_wconf 89' lang='lat' dir='ltr'>eo</span> <span class='ocrx_word' id='word_1_20' title='bbox 886 791 980 878; x_wconf 90' lang='lat' dir='ltr'>quod</span> <span class='ocrx_word' id='word_1_21' title='bbox 1003 798 1085 858; x_wconf 88' lang='lat' dir='ltr'>aute</span> <span class='ocrx_word' id='word_1_22' title='bbox 1108 787 1302 875; x_wconf 84' lang='lat' dir='ltr'>subscripti</span> <span class='ocrx_word' id='word_1_23' title='bbox 1319 789 1426 854; x_wconf 89' lang='lat' dir='ltr'>testes</span> <span class='ocrx_word' id='word_1_24' title='bbox 1449 805 1513 874; x_wconf 88' lang='lat' dir='ltr'>per</span> <span class='ocrx_word' id='word_1_25' title='bbox 1537 786 1834 872; x_wconf 85' lang='lat' dir='ltr'>combenientiam</span> <span class='ocrx_word' id='word_1_26' title='bbox 1859 784 1993 871; x_wconf 87' lang='lat' dir='ltr'>guadia</span> <span class='ocrx_word' id='word_1_27' title='bbox 2013 785 2122 852; x_wconf 92' lang='lat' dir='ltr'>michi</span> <span class='ocrx_word' id='word_1_28' title='bbox 2139 785 2237 852; x_wconf 89' lang='lat' dir='ltr'>dedit</span> <span class='ocrx_word' id='word_1_29' title='bbox 2252 785 2427 852; x_wconf 81' lang='lat' dir='ltr'>bisantius</span> 
     </span>
     <span class='ocr_line' id='line_1_4' title="bbox 571 937 2421 1035; baseline -0.005 -21"><span class='ocrx_word' id='word_1_30' title='bbox 571 948 665 1014; x_wconf 88' lang='lat' dir='ltr'>lilius</span> <span class='ocrx_word' id='word_1_31' title='bbox 697 947 873 1035; x_wconf 90' lang='lat' dir='ltr'>quondam</span> <span class='ocrx_word' id='word_1_32' title='bbox 897 945 1057 1032; x_wconf 90' lang='lat' dir='ltr'>petride</span> <span class='ocrx_word' id='word_1_33' title='bbox 1081 944 1300 1020; x_wconf 87' lang='lat' dir='ltr'>correianu,</span> <span class='ocrx_word' id='word_1_34' title='bbox 1341 945 1377 1009; x_wconf 90' lang='lat' dir='ltr'>et</span> <span class='ocrx_word' id='word_1_35' title='bbox 1400 941 1629 1010; x_wconf 80' lang='lat' dir='ltr'>mediatorem</span> <span class='ocrx_word' id='word_1_36' title='bbox 1656 939 1766 1007; x_wconf 90' lang='lat' dir='ltr'>michi</span> <span class='ocrx_word' id='word_1_37' title='bbox 1790 939 1908 1026; x_wconf 87' lang='lat' dir='ltr'>posuit</span> <span class='ocrx_word' id='word_1_38' title='bbox 1948 937 2089 1006; x_wconf 85' lang='lat' dir='ltr'>andrea</span> <span class='ocrx_word' id='word_1_39' title='bbox 2111 937 2218 1006; x_wconf 87' lang='lat' dir='ltr'>tilium</span> <span class='ocrx_word' id='word_1_40' title='bbox 2243 937 2421 1024; x_wconf 90' lang='lat' dir='ltr'>quondam</span> 
     </span>
     <span class='ocr_line' id='line_1_5' title="bbox 571 1087 2440 1186; baseline -0.003 -18"><span class='ocrx_word' id='word_1_41' title='bbox 571 1101 679 1168; x_wconf 90' lang='lat' dir='ltr'>ciceri</span> <span class='ocrx_word' id='word_1_42' title='bbox 703 1101 746 1167; x_wconf 91' lang='lat' dir='ltr'>de</span> <span class='ocrx_word' id='word_1_43' title='bbox 769 1099 845 1186; x_wconf 91' lang='lat' dir='ltr'>ipso</span> <span class='ocrx_word' id='word_1_44' title='bbox 869 1099 998 1174; x_wconf 81' lang='lat' dir='ltr'>locum,</span> <span class='ocrx_word' id='word_1_45' title='bbox 1024 1116 1061 1164; x_wconf 84' lang='grc'>61</span> <span class='ocrx_word' id='word_1_46' title='bbox 1084 1115 1148 1182; x_wconf 88' lang='lat' dir='ltr'>per</span> <span class='ocrx_word' id='word_1_47' title='bbox 1172 1097 1249 1182; x_wconf 92' lang='lat' dir='ltr'>ipsa</span> <span class='ocrx_word' id='word_1_48' title='bbox 1273 1095 1406 1182; x_wconf 86' lang='lat' dir='ltr'>guadia</span> <span class='ocrx_word' id='word_1_49' title='bbox 1428 1095 1603 1182; x_wconf 89' lang='lat' dir='ltr'>obligavit</span> <span class='ocrx_word' id='word_1_50' title='bbox 1625 1113 1689 1172; x_wconf 92' lang='lat' dir='ltr'>se,</span> <span class='ocrx_word' id='word_1_51' title='bbox 1716 1095 1755 1160; x_wconf 93' lang='lat' dir='ltr'>ut</span> <span class='ocrx_word' id='word_1_52' title='bbox 1778 1093 1906 1160; x_wconf 90' lang='lat' dir='ltr'>tollere</span> <span class='ocrx_word' id='word_1_53' title='bbox 1929 1093 1966 1158; x_wconf 90' lang='lat' dir='ltr'>et</span> <span class='ocrx_word' id='word_1_54' title='bbox 1991 1094 2099 1159; x_wconf 90' lang='lat' dir='ltr'>abere</span> <span class='ocrx_word' id='word_1_55' title='bbox 2130 1091 2197 1158; x_wconf 89' lang='lat' dir='ltr'>sibi</span> <span class='ocrx_word' id='word_1_56' title='bbox 2222 1087 2440 1176; x_wconf 81' lang='lat' dir='ltr'>legitimam.</span> 
     </span>
     <span class='ocr_line' id='line_1_6' title="bbox 570 1237 2423 1335; baseline -0.006 -15"><span class='ocrx_word' id='word_1_57' title='bbox 570 1271 716 1320; x_wconf 90' lang='lat' dir='ltr'>uxorem</span> <span class='ocrx_word' id='word_1_58' title='bbox 744 1254 876 1319; x_wconf 89' lang='lat' dir='ltr'>mulier</span> <span class='ocrx_word' id='word_1_59' title='bbox 900 1251 1042 1318; x_wconf 91' lang='lat' dir='ltr'>nomine</span> <span class='ocrx_word' id='word_1_60' title='bbox 1067 1253 1170 1317; x_wconf 89' lang='lat' dir='ltr'>berta</span> <span class='ocrx_word' id='word_1_61' title='bbox 1193 1250 1268 1316; x_wconf 88' lang='lat' dir='ltr'>iilia</span> <span class='ocrx_word' id='word_1_62' title='bbox 1291 1250 1423 1316; x_wconf 87' lang='lat' dir='ltr'>andree</span> <span class='ocrx_word' id='word_1_63' title='bbox 1446 1249 1656 1335; x_wconf 82' lang='lat' dir='ltr'>presbiteri,</span> <span class='ocrx_word' id='word_1_64' title='bbox 1682 1267 1751 1335; x_wconf 90' lang='lat' dir='ltr'>que</span> <span class='ocrx_word' id='word_1_65' title='bbox 1775 1249 1829 1313; x_wconf 90' lang='grc'>661</span> <span class='ocrx_word' id='word_1_66' title='bbox 1850 1237 2071 1332; x_wconf 83' lang='lat' dir='ltr'>&#39;genetricem</span> <span class='ocrx_word' id='word_1_67' title='bbox 2103 1263 2231 1322; x_wconf 88' lang='lat' dir='ltr'>meam,</span> <span class='ocrx_word' id='word_1_68' title='bbox 2258 1247 2294 1310; x_wconf 91' lang='grc'>61</span> <span class='ocrx_word' id='word_1_69' title='bbox 2316 1243 2423 1309; x_wconf 86' lang='lat' dir='ltr'>daret</span> 
     </span>
     <span class='ocr_line' id='line_1_7' title="bbox 571 1399 2419 1491; baseline -0.003 -21"><span class='ocrx_word' id='word_1_70' title='bbox 571 1405 604 1470; x_wconf 90' lang='lat' dir='ltr'>ei</span> <span class='ocrx_word' id='word_1_71' title='bbox 630 1407 799 1491; x_wconf 88' lang='lat' dir='ltr'>quartam</span> <span class='ocrx_word' id='word_1_72' title='bbox 824 1403 866 1470; x_wconf 91' lang='lat' dir='ltr'>de</span> <span class='ocrx_word' id='word_1_73' title='bbox 892 1403 1007 1470; x_wconf 89' lang='lat' dir='ltr'>omnis</span> <span class='ocrx_word' id='word_1_74' title='bbox 1032 1406 1137 1470; x_wconf 89' lang='lat' dir='ltr'>rebus</span> <span class='ocrx_word' id='word_1_75' title='bbox 1161 1405 1197 1468; x_wconf 90' lang='lat' dir='ltr'>et</span> <span class='ocrx_word' id='word_1_76' title='bbox 1220 1422 1364 1470; x_wconf 89' lang='lat' dir='ltr'>causam</span> <span class='ocrx_word' id='word_1_77' title='bbox 1388 1421 1488 1468; x_wconf 90' lang='lat' dir='ltr'>suam</span> <span class='ocrx_word' id='word_1_78' title='bbox 1509 1451 1516 1478; x_wconf 91' lang='lat'>‚</span> <span class='ocrx_word' id='word_1_79' title='bbox 1558 1403 1650 1470; x_wconf 90' lang='lat' dir='ltr'>siout</span> <span class='ocrx_word' id='word_1_80' title='bbox 1673 1405 1734 1468; x_wconf 85' lang='lat' dir='ltr'>lex</span> <span class='ocrx_word' id='word_1_81' title='bbox 1758 1405 1794 1468; x_wconf 90' lang='lat' dir='ltr'>et</span> <span class='ocrx_word' id='word_1_82' title='bbox 1817 1400 2035 1468; x_wconf 87' lang='lat' dir='ltr'>consuetudo</span> <span class='ocrx_word' id='word_1_83' title='bbox 2059 1401 2113 1467; x_wconf 88' lang='lat' dir='ltr'>est</span> <span class='ocrx_word' id='word_1_84' title='bbox 2136 1399 2271 1466; x_wconf 90' lang='lat' dir='ltr'>homini</span> <span class='ocrx_word' id='word_1_85' title='bbox 2295 1401 2419 1484; x_wconf 87' lang='lat' dir='ltr'>lango-</span> 
     </span>
     <span class='ocr_line' id='line_1_8' title="bbox 570 1551 2410 1639; baseline -0.003 -15"><span class='ocrx_word' id='word_1_86' title='bbox 570 1558 670 1624; x_wconf 88' lang='lat' dir='ltr'>bardi</span> <span class='ocrx_word' id='word_1_87' title='bbox 695 1557 850 1624; x_wconf 90' lang='lat' dir='ltr'>dandum</span> <span class='ocrx_word' id='word_1_88' title='bbox 876 1557 921 1624; x_wconf 89' lang='lat' dir='ltr'>ad</span> <span class='ocrx_word' id='word_1_89' title='bbox 945 1576 1043 1622; x_wconf 89' lang='lat' dir='ltr'>suam</span> <span class='ocrx_word' id='word_1_90' title='bbox 1070 1575 1232 1623; x_wconf 89' lang='lat' dir='ltr'>uxorem.</span> <span class='ocrx_word' id='word_1_91' title='bbox 1251 1561 1287 1623; x_wconf 88' lang='grc'>61</span> <span class='ocrx_word' id='word_1_92' title='bbox 1309 1557 1336 1623; x_wconf 89' lang='grc'>61</span> <span class='ocrx_word' id='word_1_93' title='bbox 1356 1557 1489 1630; x_wconf 88' lang='lat' dir='ltr'>taliter,</span> <span class='ocrx_word' id='word_1_94' title='bbox 1516 1558 1557 1622; x_wconf 91' lang='lat' dir='ltr'>ut</span> <span class='ocrx_word' id='word_1_95' title='bbox 1579 1555 1795 1630; x_wconf 88' lang='lat' dir='ltr'>dictumest,</span> <span class='ocrx_word' id='word_1_96' title='bbox 1822 1555 1921 1621; x_wconf 89' lang='lat' dir='ltr'>nobis</span> <span class='ocrx_word' id='word_1_97' title='bbox 1944 1557 1981 1619; x_wconf 92' lang='grc'>61</span> <span class='ocrx_word' id='word_1_98' title='bbox 2005 1553 2116 1639; x_wconf 88' lang='lat' dir='ltr'>ipsius</span> <span class='ocrx_word' id='word_1_99' title='bbox 2140 1551 2314 1638; x_wconf 79' lang='lat' dir='ltr'>genetrici</span> <span class='ocrx_word' id='word_1_100' title='bbox 2333 1571 2410 1618; x_wconf 89' lang='lat' dir='ltr'>mee</span> 
     </span>
     <span class='ocr_line' id='line_1_9' title="bbox 568 1706 2419 1795; baseline -0.001 -20"><span class='ocrx_word' id='word_1_101' title='bbox 568 1727 638 1775; x_wconf 91' lang='lat' dir='ltr'>non</span> <span class='ocrx_word' id='word_1_102' title='bbox 663 1708 928 1792; x_wconf 86' lang='lat' dir='ltr'>adimpleberit,</span> <span class='ocrx_word' id='word_1_103' title='bbox 955 1713 992 1792; x_wconf 86' lang='lat' dir='ltr'>et</span> <span class='ocrx_word' id='word_1_104' title='bbox 1016 1708 1143 1794; x_wconf 87' lang='lat' dir='ltr'>aliquit</span> <span class='ocrx_word' id='word_1_105' title='bbox 1166 1709 1248 1774; x_wconf 87' lang='lat' dir='ltr'>iude</span> <span class='ocrx_word' id='word_1_106' title='bbox 1273 1706 1547 1784; x_wconf 82' lang='lat' dir='ltr'>contradixerit,</span> <span class='ocrx_word' id='word_1_107' title='bbox 1574 1725 1783 1795; x_wconf 86' lang='lat' dir='ltr'>componere</span> <span class='ocrx_word' id='word_1_108' title='bbox 1806 1708 1982 1792; x_wconf 85' lang='lat' dir='ltr'>obligavit</span> <span class='ocrx_word' id='word_1_109' title='bbox 2005 1725 2043 1774; x_wconf 88' lang='lat' dir='ltr'>se</span> <span class='ocrx_word' id='word_1_110' title='bbox 2069 1706 2181 1774; x_wconf 85' lang='lat' dir='ltr'>nobis.</span> <span class='ocrx_word' id='word_1_111' title='bbox 2199 1711 2236 1773; x_wconf 92' lang='grc'>61</span> <span class='ocrx_word' id='word_1_112' title='bbox 2259 1709 2317 1774; x_wconf 92' lang='lat' dir='ltr'>cui</span> <span class='ocrx_word' id='word_1_113' title='bbox 2342 1711 2419 1774; x_wconf 89' lang='lat' dir='ltr'>bre-</span> 
     </span>
     <span class='ocr_line' id='line_1_10' title="bbox 567 1839 2419 1948; baseline 0.002 -22"><span class='ocrx_word' id='word_1_114' title='bbox 567 1865 644 1928; x_wconf 90' lang='lat' dir='ltr'>bem</span> <span class='ocrx_word' id='word_1_115' title='bbox 671 1862 737 1928; x_wconf 89' lang='lat' dir='ltr'>ista</span> <span class='ocrx_word' id='word_1_116' title='bbox 761 1863 798 1928; x_wconf 91' lang='lat' dir='ltr'>in</span> <span class='ocrx_word' id='word_1_117' title='bbox 823 1881 968 1928; x_wconf 88' lang='lat' dir='ltr'>manum</span> <span class='ocrx_word' id='word_1_118' title='bbox 994 1839 1170 1948; x_wconf 88' lang='lat' dir='ltr'>paruerit,</span> <span class='ocrx_word' id='word_1_119' title='bbox 1196 1862 1348 1948; x_wconf 87' lang='lat' dir='ltr'>triginta</span> <span class='ocrx_word' id='word_1_120' title='bbox 1372 1865 1451 1928; x_wconf 89' lang='lat' dir='ltr'>auri</span> <span class='ocrx_word' id='word_1_121' title='bbox 1477 1862 1605 1931; x_wconf 88' lang='lat' dir='ltr'>solidos</span> <span class='ocrx_word' id='word_1_122' title='bbox 1628 1863 1954 1939; x_wconf 88' lang='lat' dir='ltr'>constantinianos,</span> <span class='ocrx_word' id='word_1_123' title='bbox 1988 1865 2051 1939; x_wconf 87' lang='lat' dir='ltr'>et,</span> <span class='ocrx_word' id='word_1_124' title='bbox 2077 1861 2171 1930; x_wconf 89' lang='lat' dir='ltr'>sicut</span> <span class='ocrx_word' id='word_1_125' title='bbox 2193 1862 2327 1930; x_wconf 90' lang='lat' dir='ltr'>dictum</span> <span class='ocrx_word' id='word_1_126' title='bbox 2354 1867 2419 1938; x_wconf 89' lang='lat' dir='ltr'>est,</span> 
     </span>
     <span class='ocr_line' id='line_1_11' title="bbox 566 2015 2420 2102; baseline 0.002 -23"><span class='ocrx_word' id='word_1_127' title='bbox 566 2017 666 2082; x_wconf 89' lang='lat' dir='ltr'>nobis</span> <span class='ocrx_word' id='word_1_128' title='bbox 691 2016 940 2102; x_wconf 87' lang='lat' dir='ltr'>adimplerent,</span> <span class='ocrx_word' id='word_1_129' title='bbox 967 2019 1004 2082; x_wconf 91' lang='lat' dir='ltr'>et</span> <span class='ocrx_word' id='word_1_130' title='bbox 1028 2035 1091 2101; x_wconf 91' lang='lat' dir='ltr'>per</span> <span class='ocrx_word' id='word_1_131' title='bbox 1115 2016 1366 2101; x_wconf 87' lang='lat' dir='ltr'>suprascripta</span> <span class='ocrx_word' id='word_1_132' title='bbox 1389 2015 1525 2100; x_wconf 86' lang='lat' dir='ltr'>guadia</span> <span class='ocrx_word' id='word_1_133' title='bbox 1548 2015 1724 2102; x_wconf 85' lang='lat' dir='ltr'>obligavit</span> <span class='ocrx_word' id='word_1_134' title='bbox 1746 2034 1783 2083; x_wconf 91' lang='lat' dir='ltr'>se</span> <span class='ocrx_word' id='word_1_135' title='bbox 1807 2017 1882 2100; x_wconf 90' lang='lat' dir='ltr'>ipse</span> <span class='ocrx_word' id='word_1_136' title='bbox 1905 2015 2092 2091; x_wconf 87' lang='lat' dir='ltr'>visantius,</span> <span class='ocrx_word' id='word_1_137' title='bbox 2121 2019 2160 2082; x_wconf 91' lang='lat' dir='ltr'>ut</span> <span class='ocrx_word' id='word_1_138' title='bbox 2184 2016 2344 2102; x_wconf 89' lang='lat' dir='ltr'>predicta</span> <span class='ocrx_word' id='word_1_139' title='bbox 2359 2036 2420 2102; x_wconf 87' lang='lat' dir='ltr'>ge-</span> 
     </span>
     <span class='ocr_line' id='line_1_12' title="bbox 566 2163 2442 2256; baseline 0.002 -22"><span class='ocrx_word' id='word_1_140' title='bbox 566 2171 702 2236; x_wconf 88' lang='lat' dir='ltr'>netrice</span> <span class='ocrx_word' id='word_1_141' title='bbox 727 2190 806 2238; x_wconf 85' lang='lat' dir='ltr'>mea</span> <span class='ocrx_word' id='word_1_142' title='bbox 830 2190 919 2238; x_wconf 88' lang='lat' dir='ltr'>vene</span> <span class='ocrx_word' id='word_1_143' title='bbox 944 2174 1051 2238; x_wconf 88' lang='lat' dir='ltr'>abere</span> <span class='ocrx_word' id='word_1_144' title='bbox 1075 2174 1111 2237; x_wconf 89' lang='grc'>61</span> <span class='ocrx_word' id='word_1_145' title='bbox 1135 2173 1251 2238; x_wconf 86' lang='grc'><strong>661616</strong></span> <span class='ocrx_word' id='word_1_146' title='bbox 1274 2170 1340 2238; x_wconf 91' lang='lat' dir='ltr'>sibi</span> <span class='ocrx_word' id='word_1_147' title='bbox 1366 2171 1566 2256; x_wconf 84' lang='lat' dir='ltr'>legitimam</span> <span class='ocrx_word' id='word_1_148' title='bbox 1592 2189 1753 2246; x_wconf 90' lang='lat' dir='ltr'>uxorem,</span> <span class='ocrx_word' id='word_1_149' title='bbox 1779 2170 1872 2236; x_wconf 93' lang='lat' dir='ltr'>sicut</span> <span class='ocrx_word' id='word_1_150' title='bbox 1896 2170 1973 2236; x_wconf 87' lang='lat' dir='ltr'>eius</span> <span class='ocrx_word' id='word_1_151' title='bbox 1991 2170 2099 2236; x_wconf 85' lang='lat' dir='ltr'>fuerit</span> <span class='ocrx_word' id='word_1_152' title='bbox 2126 2171 2410 2256; x_wconf 88' lang='lat' dir='ltr'>possibilitatem,</span> <span class='ocrx_word' id='word_1_153' title='bbox 2440 2163 2442 2167; x_wconf 65' lang='grc'><strong>’</strong></span> 
     </span>
     <span class='ocr_line' id='line_1_13' title="bbox 566 2321 2415 2408; baseline 0.002 -22"><span class='ocrx_word' id='word_1_154' title='bbox 566 2325 602 2386; x_wconf 90' lang='grc'>61</span> <span class='ocrx_word' id='word_1_155' title='bbox 626 2322 757 2388; x_wconf 84' lang='lat' dir='ltr'>iniuste</span> <span class='ocrx_word' id='word_1_156' title='bbox 783 2323 816 2388; x_wconf 90' lang='lat' dir='ltr'>ei</span> <span class='ocrx_word' id='word_1_157' title='bbox 841 2341 911 2390; x_wconf 90' lang='lat' dir='ltr'>non</span> <span class='ocrx_word' id='word_1_158' title='bbox 936 2325 1066 2398; x_wconf 82' lang='lat' dir='ltr'>facere3</span> <span class='ocrx_word' id='word_1_159' title='bbox 1086 2325 1121 2388; x_wconf 87' lang='lat' dir='ltr'>et</span> <span class='ocrx_word' id='word_1_160' title='bbox 1145 2323 1175 2388; x_wconf 93' lang='lat' dir='ltr'>si</span> <span class='ocrx_word' id='word_1_161' title='bbox 1200 2323 1331 2389; x_wconf 83' lang='lat' dir='ltr'>iniuste</span> <span class='ocrx_word' id='word_1_162' title='bbox 1356 2322 1603 2397; x_wconf 80' lang='grc'><strong>611666111111</strong></span> <span class='ocrx_word' id='word_1_163' title='bbox 1627 2322 1669 2388; x_wconf 92' lang='lat' dir='ltr'>de</span> <span class='ocrx_word' id='word_1_164' title='bbox 1694 2323 1828 2408; x_wconf 88' lang='lat' dir='ltr'>quante</span> <span class='ocrx_word' id='word_1_165' title='bbox 1852 2321 1946 2390; x_wconf 87' lang='grc'><strong>11666</strong></span> <span class='ocrx_word' id='word_1_166' title='bbox 1970 2341 2064 2389; x_wconf 90' lang='lat' dir='ltr'>ame</span> <span class='ocrx_word' id='word_1_167' title='bbox 2089 2323 2144 2389; x_wconf 89' lang='grc'>161</span> <span class='ocrx_word' id='word_1_168' title='bbox 2162 2325 2208 2391; x_wconf 92' lang='lat' dir='ltr'>da</span> <span class='ocrx_word' id='word_1_169' title='bbox 2221 2325 2284 2389; x_wconf 92' lang='lat' dir='ltr'>ille</span> <span class='ocrx_word' id='word_1_170' title='bbox 2301 2326 2415 2400; x_wconf 90' lang='lat' dir='ltr'>homo,</span> 
     </span>
     <span class='ocr_line' id='line_1_14' title="bbox 564 2471 2409 2560; baseline -0.001 -17"><span class='ocrx_word' id='word_1_171' title='bbox 564 2477 621 2543; x_wconf 91' lang='lat' dir='ltr'>cui</span> <span class='ocrx_word' id='word_1_172' title='bbox 647 2478 790 2542; x_wconf 91' lang='lat' dir='ltr'>brebem</span> <span class='ocrx_word' id='word_1_173' title='bbox 815 2477 882 2543; x_wconf 88' lang='lat' dir='ltr'>iste</span> <span class='ocrx_word' id='word_1_174' title='bbox 911 2477 949 2542; x_wconf 91' lang='lat' dir='ltr'>in</span> <span class='ocrx_word' id='word_1_175' title='bbox 974 2495 1118 2544; x_wconf 87' lang='lat' dir='ltr'>manum</span> <span class='ocrx_word' id='word_1_176' title='bbox 1145 2475 1319 2560; x_wconf 86' lang='lat' dir='ltr'>paruerit,</span> <span class='ocrx_word' id='word_1_177' title='bbox 1339 2474 1450 2541; x_wconf 90' lang='lat' dir='ltr'>suerit</span> <span class='ocrx_word' id='word_1_178' title='bbox 1474 2476 1636 2559; x_wconf 88' lang='lat' dir='ltr'>pulsatus</span> <span class='ocrx_word' id='word_1_179' title='bbox 1659 2477 1695 2540; x_wconf 88' lang='lat' dir='ltr'>et</span> <span class='ocrx_word' id='word_1_180' title='bbox 1718 2474 1932 2560; x_wconf 88' lang='lat' dir='ltr'>evbangelia</span> <span class='ocrx_word' id='word_1_181' title='bbox 1954 2471 1984 2540; x_wconf 89' lang='lat' dir='ltr'>ei</span> <span class='ocrx_word' id='word_1_182' title='bbox 2002 2479 2131 2560; x_wconf 88' lang='lat' dir='ltr'>parata</span> <span class='ocrx_word' id='word_1_183' title='bbox 2154 2477 2274 2552; x_wconf 85' lang='lat' dir='ltr'>suerit,</span> <span class='ocrx_word' id='word_1_184' title='bbox 2293 2479 2329 2542; x_wconf 89' lang='grc'>61</span> <span class='ocrx_word' id='word_1_185' title='bbox 2342 2497 2409 2542; x_wconf 85' lang='lat' dir='ltr'>non</span> 
     </span>
     <span class='ocr_line' id='line_1_15' title="bbox 564 2627 2414 2714; baseline 0.001 -20"><span class='ocrx_word' id='word_1_186' title='bbox 564 2629 672 2694; x_wconf 88' lang='lat' dir='ltr'>tuerit</span> <span class='ocrx_word' id='word_1_187' title='bbox 696 2628 796 2696; x_wconf 87' lang='lat' dir='ltr'>nobis</span> <span class='ocrx_word' id='word_1_188' title='bbox 820 2629 951 2694; x_wconf 83' lang='lat' dir='ltr'>exinde</span> <span class='ocrx_word' id='word_1_189' title='bbox 975 2646 1084 2694; x_wconf 87' lang='lat' dir='ltr'>ausus</span> <span class='ocrx_word' id='word_1_190' title='bbox 1109 2628 1230 2693; x_wconf 86' lang='lat' dir='ltr'>iurare</span> <span class='ocrx_word' id='word_1_191' title='bbox 1254 2627 1448 2693; x_wconf 88' lang='lat' dir='ltr'>seeundum</span> <span class='ocrx_word' id='word_1_192' title='bbox 1474 2629 1602 2712; x_wconf 89' lang='lat' dir='ltr'>legem,</span> <span class='ocrx_word' id='word_1_193' title='bbox 1622 2637 1682 2712; x_wconf 85' lang='lat' dir='ltr'>per</span> <span class='ocrx_word' id='word_1_194' title='bbox 1705 2646 1827 2692; x_wconf 88' lang='lat' dir='ltr'>omnes</span> <span class='ocrx_word' id='word_1_195' title='bbox 1852 2627 1946 2694; x_wconf 87' lang='lat' dir='ltr'>vices</span> <span class='ocrx_word' id='word_1_196' title='bbox 1971 2627 2072 2694; x_wconf 90' lang='lat' dir='ltr'>nobis</span> <span class='ocrx_word' id='word_1_197' title='bbox 2097 2628 2180 2694; x_wconf 87' lang='lat' dir='ltr'>iude</span> <span class='ocrx_word' id='word_1_198' title='bbox 2204 2649 2414 2714; x_wconf 89' lang='lat' dir='ltr'>componere</span> 
     </span>
     <span class='ocr_line' id='line_1_16' title="bbox 562 2780 2414 2868; baseline 0 -20"><span class='ocrx_word' id='word_1_199' title='bbox 562 2800 599 2848; x_wconf 92' lang='grc'>66</span> <span class='ocrx_word' id='word_1_200' title='bbox 624 2781 799 2866; x_wconf 89' lang='lat' dir='ltr'>obligavit</span> <span class='ocrx_word' id='word_1_201' title='bbox 823 2781 953 2865; x_wconf 85' lang='lat' dir='ltr'>bigiuti</span> <span class='ocrx_word' id='word_1_202' title='bbox 976 2780 1118 2855; x_wconf 89' lang='lat' dir='ltr'>solidos,</span> <span class='ocrx_word' id='word_1_203' title='bbox 1137 2781 1291 2866; x_wconf 87' lang='lat' dir='ltr'>pignera</span> <span class='ocrx_word' id='word_1_204' title='bbox 1316 2801 1383 2867; x_wconf 88' lang='lat' dir='ltr'>quo</span> <span class='ocrx_word' id='word_1_205' title='bbox 1407 2781 1490 2846; x_wconf 90' lang='lat' dir='ltr'>inde</span> <span class='ocrx_word' id='word_1_206' title='bbox 1516 2781 1705 2866; x_wconf 81' lang='lat' dir='ltr'>pignerata</span> <span class='ocrx_word' id='word_1_207' title='bbox 1730 2781 1841 2847; x_wconf 87' lang='lat' dir='ltr'>suerit</span> <span class='ocrx_word' id='word_1_208' title='bbox 1865 2783 1997 2868; x_wconf 87' lang='lat' dir='ltr'>absque</span> <span class='ocrx_word' id='word_1_209' title='bbox 2022 2781 2163 2849; x_wconf 90' lang='lat' dir='ltr'>iustitia</span> <span class='ocrx_word' id='word_1_210' title='bbox 2186 2783 2249 2850; x_wconf 86' lang='lat' dir='ltr'>fiat</span> <span class='ocrx_word' id='word_1_211' title='bbox 2273 2784 2414 2850; x_wconf 86' lang='lat' dir='ltr'>retdita.</span> 
     </span>
     <span class='ocr_line' id='line_1_17' title="bbox 566 2933 1517 3018; baseline -0.001 -19"><span class='ocrx_word' id='word_1_212' title='bbox 566 2937 610 2999; x_wconf 87' lang='lat' dir='ltr'>Et</span> <span class='ocrx_word' id='word_1_213' title='bbox 636 2953 704 3000; x_wconf 88' lang='grc'><strong>11116</strong></span> <span class='ocrx_word' id='word_1_214' title='bbox 730 2936 870 3000; x_wconf 88' lang='lat' dir='ltr'>brebem</span> <span class='ocrx_word' id='word_1_215' title='bbox 895 2933 1018 3000; x_wconf 89' lang='lat' dir='ltr'>scribsi</span> <span class='ocrx_word' id='word_1_216' title='bbox 1042 2952 1109 3018; x_wconf 86' lang='lat' dir='ltr'>ego</span> <span class='ocrx_word' id='word_1_217' title='bbox 1132 2934 1316 3002; x_wconf 82' lang='lat' dir='ltr'>dauferius</span> <span class='ocrx_word' id='word_1_218' title='bbox 1340 2933 1517 2999; x_wconf 90' lang='lat' dir='ltr'>notarius.</span> 
     </span>
    </p>

    <p class='ocr_par' dir='ltr' id='par_1_3' title="bbox 608 3067 1416 3174">
     <span class='ocr_line' id='line_1_18' title="bbox 608 3067 1416 3174; baseline -0.001 -25"><span class='ocrx_word' id='word_1_219' title='bbox 608 3084 635 3174; x_wconf 84' lang='lat'><em>†</em></span> <span class='ocrx_word' id='word_1_220' title='bbox 661 3087 735 3168; x_wconf 84' lang='lat' dir='ltr'>Ego</span> <span class='ocrx_word' id='word_1_221' title='bbox 759 3084 924 3152; x_wconf 87' lang='lat' dir='ltr'>alderissi</span> <span class='ocrx_word' id='word_1_222' title='bbox 949 3067 1110 3152; x_wconf 89' lang='lat' dir='ltr'>notarius</span> <span class='ocrx_word' id='word_1_223' title='bbox 1134 3104 1190 3151; x_wconf 89' lang='lat' dir='ltr'>me</span> <span class='ocrx_word' id='word_1_224' title='bbox 1213 3083 1416 3170; x_wconf 87' lang='lat' dir='ltr'>subscripsi.</span> 
     </span>
    </p>

    <p class='ocr_par' dir='ltr' id='par_1_4' title="bbox 607 3237 1172 3326">
     <span class='ocr_line' id='line_1_19' title="bbox 607 3237 1172 3326; baseline 0 -22"><span class='ocrx_word' id='word_1_225' title='bbox 607 3237 634 3326; x_wconf 94' lang='lat'>†</span> <span class='ocrx_word' id='word_1_226' title='bbox 660 3241 733 3322; x_wconf 80' lang='lat' dir='ltr'>Ego</span> <span class='ocrx_word' id='word_1_227' title='bbox 760 3256 862 3303; x_wconf 89' lang='lat' dir='ltr'>ursus</span> <span class='ocrx_word' id='word_1_228' title='bbox 887 3256 942 3302; x_wconf 90' lang='lat' dir='ltr'>mc</span> <span class='ocrx_word' id='word_1_229' title='bbox 966 3238 1172 3324; x_wconf 88' lang='lat' dir='ltr'>subscripsi.</span> 
     </span>
    </p>

    <p class='ocr_par' dir='ltr' id='par_1_5' title="bbox 607 3391 1786 3476">
     <span class='ocr_line' id='line_1_20' title="bbox 607 3391 1786 3476; baseline 0.004 -22"><span class='ocrx_word' id='word_1_230' title='bbox 607 3392 706 3456; x_wconf 77' lang='lat' dir='ltr'>Haec</span> <span class='ocrx_word' id='word_1_231' title='bbox 729 3391 942 3456; x_wconf 72' lang='lat' dir='ltr'>meandrarrcc</span> <span class='ocrx_word' id='word_1_232' title='bbox 966 3392 1124 3456; x_wconf 78' lang='lat' dir='ltr'>continet</span> <span class='ocrx_word' id='word_1_233' title='bbox 1147 3392 1249 3458; x_wconf 76' lang='lat' dir='ltr'>alteo</span> <span class='ocrx_word' id='word_1_234' title='bbox 1276 3393 1576 3468; x_wconf 77' lang='lat' dir='ltr'>Irastracrttentum,</span> <span class='ocrx_word' id='word_1_235' title='bbox 1601 3394 1786 3476; x_wconf 67' lang='grc' dir='ltr'>1111111111.Ι</span> 
     </span>
    </p>

    <p class='ocr_par' dir='ltr' id='par_1_6' title="bbox 605 3542 2417 3640">
     <span class='ocr_line' id='line_1_21' title="bbox 605 3542 2417 3640; baseline 0.007 -32"><span class='ocrx_word' id='word_1_236' title='bbox 605 3543 632 3634; x_wconf 86' lang='lat'>†</span> <span class='ocrx_word' id='word_1_237' title='bbox 657 3545 693 3609; x_wconf 90' lang='lat' dir='ltr'>In</span> <span class='ocrx_word' id='word_1_238' title='bbox 720 3542 860 3610; x_wconf 89' lang='lat' dir='ltr'>nomine</span> <span class='ocrx_word' id='word_1_239' title='bbox 884 3543 1017 3610; x_wconf 89' lang='lat' dir='ltr'>domini</span> <span class='ocrx_word' id='word_1_240' title='bbox 1042 3543 1226 3638; x_wconf 87' lang='lat' dir='ltr'>trigesimo</span> <span class='ocrx_word' id='word_1_241' title='bbox 1242 3547 1395 3612; x_wconf 88' lang='lat' dir='ltr'>seeundo</span> <span class='ocrx_word' id='word_1_242' title='bbox 1419 3564 1511 3612; x_wconf 88' lang='lat' dir='ltr'>anno</span> <span class='ocrx_word' id='word_1_243' title='bbox 1537 3547 1758 3634; x_wconf 88' lang='lat' dir='ltr'>principatus</span> <span class='ocrx_word' id='word_1_244' title='bbox 1782 3549 1902 3618; x_wconf 90' lang='lat' dir='ltr'>domni</span> <span class='ocrx_word' id='word_1_245' title='bbox 1928 3553 2041 3620; x_wconf 91' lang='lat' dir='ltr'>nostri</span> <span class='ocrx_word' id='word_1_246' title='bbox 2069 3553 2250 3638; x_wconf 87' lang='lat' dir='ltr'>guaimari</span> <span class='ocrx_word' id='word_1_247' title='bbox 2266 3555 2417 3640; x_wconf 86' lang='lat' dir='ltr'>gloriosi</span> 
     </span>
    </p>
   </div>
   <div class='ocr_carea' id='block_1_3' title="bbox 560 3673 2416 3792">
    <p class='ocr_par' dir='ltr' id='par_1_7' title="bbox 560 3673 2416 3792">
     <span class='ocr_line' id='line_1_22' title="bbox 560 3673 2416 3792; baseline 0.006 -29"><span class='ocrx_word' id='word_1_248' title='bbox 560 3697 734 3784; x_wconf 84' lang='lat' dir='ltr'>principis</span> <span class='ocrx_word' id='word_1_249' title='bbox 758 3699 794 3764; x_wconf 91' lang='lat' dir='ltr'>et</span> <span class='ocrx_word' id='word_1_250' title='bbox 818 3697 1004 3766; x_wconf 88' lang='lat' dir='ltr'>undecimo</span> <span class='ocrx_word' id='word_1_251' title='bbox 1028 3717 1121 3764; x_wconf 90' lang='lat' dir='ltr'>anno</span> <span class='ocrx_word' id='word_1_252' title='bbox 1145 3697 1295 3778; x_wconf 87' lang='lat' dir='ltr'>ducatus</span> <span class='ocrx_word' id='word_1_253' title='bbox 1319 3698 1395 3766; x_wconf 91' lang='lat' dir='ltr'>eius</span> <span class='ocrx_word' id='word_1_254' title='bbox 1419 3701 1538 3766; x_wconf 85' lang='lat' dir='ltr'>amalfi</span> <span class='ocrx_word' id='word_1_255' title='bbox 1544 3752 1729 3768; x_wconf 91' lang='lat'>......</span> <span class='ocrx_word' id='word_1_256' title='bbox 1755 3673 2044 3771; x_wconf 63' lang='lat' dir='ltr'>ducatus⁰domni</span> <span class='ocrx_word' id='word_1_257' title='bbox 2069 3709 2181 3774; x_wconf 90' lang='lat' dir='ltr'>nostri</span> <span class='ocrx_word' id='word_1_258' title='bbox 2205 3706 2324 3792; x_wconf 85' lang='lat' dir='ltr'>gisolfi</span> <span class='ocrx_word' id='word_1_259' title='bbox 2340 3711 2416 3774; x_wconf 89' lang='lat' dir='ltr'>eins</span> 
     </span>
    </p>
   </div>
   <div class='ocr_carea' id='block_1_4' title="bbox 559 3849 2412 3936">
    <p class='ocr_par' dir='ltr' id='par_1_8' title="bbox 559 3849 2412 3936">
     <span class='ocr_line' id='line_1_23' title="bbox 559 3849 2412 3936; baseline 0.005 -20"><span class='ocrx_word' id='word_1_260' title='bbox 559 3849 636 3925; x_wconf 85' lang='lat' dir='ltr'>filii,</span> <span class='ocrx_word' id='word_1_261' title='bbox 664 3867 784 3916; x_wconf 88' lang='lat' dir='ltr'>mense</span> <span class='ocrx_word' id='word_1_262' title='bbox 803 3851 947 3934; x_wconf 87' lang='lat' dir='ltr'>aprilis,</span> <span class='ocrx_word' id='word_1_263' title='bbox 974 3851 1084 3916; x_wconf 88' lang='lat' dir='ltr'>tertia</span> <span class='ocrx_word' id='word_1_264' title='bbox 1107 3849 1313 3916; x_wconf 87' lang='lat' dir='ltr'>indictione.</span> <span class='ocrx_word' id='word_1_265' title='bbox 1341 3853 1415 3936; x_wconf 85' lang='lat' dir='ltr'>Ego</span> <span class='ocrx_word' id='word_1_266' title='bbox 1440 3852 1495 3918; x_wconf 92' lang='lat' dir='ltr'>vir</span> <span class='ocrx_word' id='word_1_267' title='bbox 1519 3853 1694 3924; x_wconf 89' lang='lat' dir='ltr'>visantius</span> <span class='ocrx_word' id='word_1_268' title='bbox 1710 3907 1906 3924; x_wconf 90' lang='grc'><strong>......</strong></span> <span class='ocrx_word' id='word_1_269' title='bbox 1925 3862 1960 3926; x_wconf 90' lang='grc'>16</span> <span class='ocrx_word' id='word_1_270' title='bbox 1985 3859 2116 3926; x_wconf 89' lang='lat' dir='ltr'>mulier</span> <span class='ocrx_word' id='word_1_271' title='bbox 2140 3859 2282 3926; x_wconf 89' lang='lat' dir='ltr'>nomine</span> <span class='ocrx_word' id='word_1_272' title='bbox 2307 3865 2412 3928; x_wconf 85' lang='lat' dir='ltr'>berta</span> 
     </span>
    </p>
   </div>
   <div class='ocr_carea' id='block_1_5' title="bbox 559 4003 2415 4554">
    <p class='ocr_par' dir='ltr' id='par_1_9' title="bbox 559 4003 2415 4554">
     <span class='ocr_line' id='line_1_24' title="bbox 559 4003 2415 4093; baseline 0.003 -21"><span class='ocrx_word' id='word_1_273' title='bbox 559 4005 634 4072; x_wconf 86' lang='lat' dir='ltr'>illia</span> <span class='ocrx_word' id='word_1_274' title='bbox 658 4005 792 4072; x_wconf 89' lang='lat' dir='ltr'>andree</span> <span class='ocrx_word' id='word_1_275' title='bbox 817 4005 1006 4090; x_wconf 87' lang='lat' dir='ltr'>presbiteri</span> <span class='ocrx_word' id='word_1_276' title='bbox 1032 4004 1076 4070; x_wconf 91' lang='lat' dir='ltr'>ad</span> <span class='ocrx_word' id='word_1_277' title='bbox 1101 4023 1178 4070; x_wconf 91' lang='lat' dir='ltr'>meo</span> <span class='ocrx_word' id='word_1_278' title='bbox 1202 4003 1352 4076; x_wconf 86' lang='lat' dir='ltr'>sociabit</span> <span class='ocrx_word' id='word_1_279' title='bbox 1376 4005 1541 4090; x_wconf 88' lang='lat' dir='ltr'>coniugio</span> <span class='ocrx_word' id='word_1_280' title='bbox 1565 4011 1601 4072; x_wconf 90' lang='lat' dir='ltr'>et</span> <span class='ocrx_word' id='word_1_281' title='bbox 1625 4027 1688 4093; x_wconf 92' lang='lat' dir='ltr'>pro</span> <span class='ocrx_word' id='word_1_282' title='bbox 1714 4027 1783 4075; x_wconf 91' lang='lat' dir='ltr'>unc</span> <span class='ocrx_word' id='word_1_283' title='bbox 1807 4009 1978 4078; x_wconf 87' lang='lat' dir='ltr'>scribtum</span> <span class='ocrx_word' id='word_1_284' title='bbox 2019 4062 2024 4075; x_wconf 89' lang='lat'>.</span> <span class='ocrx_word' id='word_1_285' title='bbox 2054 4063 2061 4075; x_wconf 92' lang='lat'>.</span> <span class='ocrx_word' id='word_1_286' title='bbox 2092 4064 2099 4076; x_wconf 97' lang='lat'>.</span> <span class='ocrx_word' id='word_1_287' title='bbox 2128 4063 2136 4077; x_wconf 97' lang='lat'>.</span> <span class='ocrx_word' id='word_1_288' title='bbox 2163 4021 2264 4078; x_wconf 89' lang='lat' dir='ltr'>verte</span> <span class='ocrx_word' id='word_1_289' title='bbox 2292 4011 2415 4078; x_wconf 91' lang='lat' dir='ltr'>uxoris</span> 
     </span>
     <span class='ocr_line' id='line_1_25' title="bbox 560 4157 2410 4247; baseline 0.004 -23"><span class='ocrx_word' id='word_1_290' title='bbox 560 4177 636 4224; x_wconf 87' lang='lat' dir='ltr'>mee</span> <span class='ocrx_word' id='word_1_291' title='bbox 661 4160 827 4244; x_wconf 87' lang='lat' dir='ltr'>quartam</span> <span class='ocrx_word' id='word_1_292' title='bbox 852 4157 948 4224; x_wconf 85' lang='lat' dir='ltr'>enirn</span> <span class='ocrx_word' id='word_1_293' title='bbox 972 4160 1111 4243; x_wconf 88' lang='lat' dir='ltr'>partem</span> <span class='ocrx_word' id='word_1_294' title='bbox 1135 4157 1179 4224; x_wconf 90' lang='lat' dir='ltr'>de</span> <span class='ocrx_word' id='word_1_295' title='bbox 1202 4157 1364 4225; x_wconf 90' lang='lat' dir='ltr'>omnibus</span> <span class='ocrx_word' id='word_1_296' title='bbox 1391 4160 1495 4226; x_wconf 89' lang='lat' dir='ltr'>rebus</span> <span class='ocrx_word' id='word_1_297' title='bbox 1518 4160 1715 4226; x_wconf 89' lang='lat' dir='ltr'>substantie</span> <span class='ocrx_word' id='word_1_298' title='bbox 1739 4178 1815 4228; x_wconf 89' lang='lat' dir='ltr'>mee</span> <span class='ocrx_word' id='word_1_299' title='bbox 1839 4160 1932 4247; x_wconf 90' lang='lat' dir='ltr'>quod</span> <span class='ocrx_word' id='word_1_300' title='bbox 1956 4164 2040 4230; x_wconf 90' lang='lat' dir='ltr'>abes</span> <span class='ocrx_word' id='word_1_301' title='bbox 2068 4215 2222 4230; x_wconf 93' lang='lat'>.....</span> <span class='ocrx_word' id='word_1_302' title='bbox 2259 4165 2410 4241; x_wconf 85' lang='lat' dir='ltr'>ratione,</span> 
     </span>
     <span class='ocr_line' id='line_1_26' title="bbox 559 4311 2412 4405; baseline 0.004 -27"><span class='ocrx_word' id='word_1_303' title='bbox 559 4311 652 4378; x_wconf 87' lang='lat' dir='ltr'>siout</span> <span class='ocrx_word' id='word_1_304' title='bbox 675 4311 857 4387; x_wconf 82' lang='lat' dir='ltr'>diximus,</span> <span class='ocrx_word' id='word_1_305' title='bbox 896 4314 1062 4397; x_wconf 90' lang='lat' dir='ltr'>quartam</span> <span class='ocrx_word' id='word_1_306' title='bbox 1086 4313 1224 4397; x_wconf 90' lang='lat' dir='ltr'>partem</span> <span class='ocrx_word' id='word_1_307' title='bbox 1250 4312 1314 4380; x_wconf 90' lang='lat' dir='ltr'>tivi</span> <span class='ocrx_word' id='word_1_308' title='bbox 1339 4312 1470 4380; x_wconf 90' lang='lat' dir='ltr'>exinde</span> <span class='ocrx_word' id='word_1_309' title='bbox 1494 4315 1627 4382; x_wconf 90' lang='lat' dir='ltr'>tradidi</span> <span class='ocrx_word' id='word_1_310' title='bbox 1650 4316 1744 4384; x_wconf 92' lang='lat' dir='ltr'>iusta</span> <span class='ocrx_word' id='word_1_311' title='bbox 1771 4369 2002 4383; x_wconf 93' lang='grc'><strong>.......</strong></span> <span class='ocrx_word' id='word_1_312' title='bbox 2027 4319 2064 4384; x_wconf 88' lang='grc'>61</span> <span class='ocrx_word' id='word_1_313' title='bbox 2087 4337 2202 4405; x_wconf 90' lang='lat' dir='ltr'>nequo</span> <span class='ocrx_word' id='word_1_314' title='bbox 2226 4337 2248 4388; x_wconf 91' lang='lat' dir='ltr'>a</span> <span class='ocrx_word' id='word_1_315' title='bbox 2273 4339 2328 4386; x_wconf 90' lang='lat' dir='ltr'>me</span> <span class='ocrx_word' id='word_1_316' title='bbox 2353 4339 2412 4386; x_wconf 85' lang='lat' dir='ltr'>ne-</span> 
     </span>
     <span class='ocr_line' id='line_1_27' title="bbox 559 4463 2411 4554; baseline 0.006 -26"><span class='ocrx_word' id='word_1_317' title='bbox 559 4483 627 4549; x_wconf 87' lang='lat' dir='ltr'>que</span> <span class='ocrx_word' id='word_1_318' title='bbox 651 4483 674 4531; x_wconf 91' lang='lat' dir='ltr'>a</span> <span class='ocrx_word' id='word_1_319' title='bbox 697 4463 819 4530; x_wconf 90' lang='lat' dir='ltr'>nullus</span> <span class='ocrx_word' id='word_1_320' title='bbox 843 4465 1022 4530; x_wconf 88' lang='lat' dir='ltr'>hominem</span> <span class='ocrx_word' id='word_1_321' title='bbox 1046 4465 1183 4532; x_wconf 91' lang='lat' dir='ltr'>abeatis</span> <span class='ocrx_word' id='word_1_322' title='bbox 1206 4466 1337 4533; x_wconf 86' lang='lat' dir='ltr'>exinde</span> <span class='ocrx_word' id='word_1_323' title='bbox 1361 4467 1484 4553; x_wconf 88' lang='lat' dir='ltr'>aliqua</span> <span class='ocrx_word' id='word_1_324' title='bbox 1508 4466 1738 4554; x_wconf 90' lang='lat' dir='ltr'>requisitione</span> <span class='ocrx_word' id='word_1_325' title='bbox 1803 4522 2109 4539; x_wconf 90' lang='lat'>.........</span> <span class='ocrx_word' id='word_1_326' title='bbox 2136 4473 2284 4542; x_wconf 89' lang='lat' dir='ltr'>abeatis.</span> <span class='ocrx_word' id='word_1_327' title='bbox 2314 4473 2411 4550; x_wconf 81' lang='lat' dir='ltr'>Quod</span> 
     </span>
    </p>
   </div>
   <div class='ocr_carea' id='block_1_6' title="bbox 559 4601 2411 4710">
    <p class='ocr_par' dir='ltr' id='par_1_10' title="bbox 559 4601 2411 4710">
     <span class='ocr_line' id='line_1_28' title="bbox 559 4601 2411 4710; baseline 0.008 -31"><span class='ocrx_word' id='word_1_328' title='bbox 559 4632 643 4681; x_wconf 89' lang='lat' dir='ltr'>vero</span> <span class='ocrx_word' id='word_1_329' title='bbox 666 4616 838 4684; x_wconf 90' lang='lat' dir='ltr'>scribtum</span> <span class='ocrx_word' id='word_1_330' title='bbox 857 4619 1067 4704; x_wconf 85' lang='lat' dir='ltr'>morgincab</span> <span class='ocrx_word' id='word_1_331' title='bbox 1091 4619 1128 4686; x_wconf 92' lang='lat' dir='ltr'>iu</span> <span class='ocrx_word' id='word_1_332' title='bbox 1146 4638 1186 4688; x_wconf 93' lang='lat' dir='ltr'>eo</span> <span class='ocrx_word' id='word_1_333' title='bbox 1204 4619 1355 4686; x_wconf 90' lang='lat' dir='ltr'>hordine</span> <span class='ocrx_word' id='word_1_334' title='bbox 1379 4622 1550 4706; x_wconf 86' lang='lat' dir='ltr'>perpetue</span> <span class='ocrx_word' id='word_1_335' title='bbox 1575 4672 1587 4699; x_wconf 76' lang='grc'>.,</span> <span class='ocrx_word' id='word_1_336' title='bbox 1612 4674 1617 4686; x_wconf 97' lang='grc'>.</span> <span class='ocrx_word' id='word_1_337' title='bbox 1649 4675 1655 4688; x_wconf 93' lang='grc'><em>.</em></span> <span class='ocrx_word' id='word_1_338' title='bbox 1686 4675 1692 4688; x_wconf 96' lang='grc'>.</span> <span class='ocrx_word' id='word_1_339' title='bbox 1724 4601 1735 4689; x_wconf 47' lang='grc'>.’</span> <span class='ocrx_word' id='word_1_340' title='bbox 1757 4625 1963 4710; x_wconf 88' lang='lat' dir='ltr'>rogavimus</span> <span class='ocrx_word' id='word_1_341' title='bbox 1979 4629 2014 4692; x_wconf 91' lang='lat' dir='ltr'>te</span> <span class='ocrx_word' id='word_1_342' title='bbox 2031 4626 2214 4696; x_wconf 82' lang='lat' dir='ltr'>dauferius</span> <span class='ocrx_word' id='word_1_343' title='bbox 2239 4629 2411 4697; x_wconf 89' lang='lat' dir='ltr'>notarius.</span> 
     </span>
    </p>
   </div>
   <div class='ocr_carea' id='block_1_7' title="bbox 603 4766 851 4856">
    <p class='ocr_par' dir='ltr' id='par_1_11' title="bbox 603 4766 851 4856">
     <span class='ocr_line' id='line_1_29' title="bbox 603 4766 851 4856; baseline 0.008 -21"><span class='ocrx_word' id='word_1_344' title='bbox 603 4766 630 4856; x_wconf 71' lang='lat'>³,</span> <span class='ocrx_word' id='word_1_345' title='bbox 658 4821 851 4837; x_wconf 93' lang='grc'><strong>......</strong></span> 
     </span>
    </p>
   </div>
   <div class='ocr_carea' id='block_1_8' title="bbox 604 4919 1168 5010">
    <p class='ocr_par' dir='ltr' id='par_1_12' title="bbox 604 4919 1168 5010">
     <span class='ocr_line' id='line_1_30' title="bbox 604 4919 1168 5010; baseline 0.002 -23"><span class='ocrx_word' id='word_1_346' title='bbox 604 4919 731 5010; x_wconf 71' lang='lat' dir='ltr'>Js&#39;ldgo</span> <span class='ocrx_word' id='word_1_347' title='bbox 755 4940 858 4989; x_wconf 89' lang='lat' dir='ltr'>ursus</span> <span class='ocrx_word' id='word_1_348' title='bbox 884 4939 938 4990; x_wconf 90' lang='lat' dir='ltr'>me</span> <span class='ocrx_word' id='word_1_349' title='bbox 961 4923 1168 5010; x_wconf 86' lang='lat' dir='ltr'>subscripsi.</span> 
     </span>
    </p>
   </div>
   <div class='ocr_carea' id='block_1_9' title="bbox 0 0 2732 7104">
    <p class='ocr_par' dir='ltr' id='par_1_13' title="bbox 0 0 2732 7104">
     <span class='ocr_line' id='line_1_31' title="bbox 0 0 2732 7104; baseline 0 9"><span class='ocrx_word' id='word_1_350' title='bbox 0 0 2732 7104; x_wconf 95' lang='lat' dir='ltr'> </span> 
     </span>
    </p>
   </div>
  </div>
 </body>
</html>
