5452 7108
618 518 663 592 ll
1195 567 1196 572 ,
1265 511 1442 588 codex
1474 510 1734 586 dovensis

560 713 709 782 heredes
732 713 769 778 et
794 708 954 778 homines
978 727 1123 786 eorum,
1148 711 1186 776 et
1208 705 1291 794 ipsi.
1305 707 1470 794 germani
1494 706 1570 775 eius
1594 707 1631 774 et
1653 705 1802 776 illorum
1825 707 1974 776 heredes
1996 708 2033 774 et
2055 705 2215 774 homines
2237 723 2360 772 eorum
2384 705 2427 772 li-

559 865 714 935 centiam
740 866 900 934 habeant
924 863 1024 932 omni
1049 865 1209 952 tempore
1231 862 1285 930 ire
1308 865 1345 929 et
1367 861 1486 930 redire
1513 879 1581 949 per
1604 861 1708 938 rias,
1734 879 1803 948 que
1826 860 1924 928 intra
1946 859 2207 948 suprascriptas
2229 861 2342 928 sortes
2364 859 2427 928 du-

558 1022 657 1098 cunt,
682 1039 763 1088 cum
787 1017 950 1088 omnibus
973 1037 1101 1086 eorum
1124 1016 1409 1104 congruitatibus
1433 1015 1529 1086 iusta
1554 1014 1750 1093 rationem,
1767 1017 1804 1082 et
1827 1015 1994 1102 quoniam
2016 1013 2122 1082 divisi
2144 1015 2229 1081 sunt
2251 1013 2422 1090 homines,

559 1175 622 1262 qui
645 1175 684 1242 in
708 1172 963 1262 suprascriptis
988 1176 1093 1241 rebus
1116 1171 1286 1242 habitant
1308 1173 1345 1238 et
1367 1171 1499 1238 darent
1521 1169 1656 1238 mutari
1693 1170 1737 1238 de
1761 1188 1834 1239 una
1856 1172 1951 1238 sorte
1988 1169 2027 1238 in
2057 1171 2240 1247 alteram,
2279 1169 2338 1238 illi
2361 1169 2423 1256 qui

560 1327 699 1399 mutari
722 1327 864 1406 devant,
889 1329 925 1394 et
948 1345 1073 1394 eorum
1098 1325 1246 1394 heredes
1269 1323 1452 1392 licentiam
1475 1326 1633 1391 habeant
1648 1342 1759 1411 usque
1781 1325 1973 1410 completos
1996 1341 2103 1390 annos
2118 1322 2252 1400 decem,
2278 1323 2317 1390 in
2332 1321 2423 1390 casis

561 1500 684 1549 corum
709 1481 867 1550 residere
889 1483 927 1550 et
954 1479 1146 1556 habitare,
1172 1481 1209 1545 et
1231 1477 1354 1546 vineas
1377 1497 1501 1546 eorum
1525 1482 1648 1546 tenere
1670 1482 1708 1548 et
1729 1480 1921 1556 laborare,
1958 1480 1995 1544 et
2016 1477 2131 1544 omnis
2154 1477 2292 1552 fructus
2313 1478 2351 1544 et
2373 1477 2424 1545 vi·

562 1655 661 1712 num,
686 1635 749 1724 qui
771 1635 815 1704 de
838 1635 925 1722 ipsis
948 1633 1057 1702 terris
1081 1653 1162 1704 cum
1185 1631 1299 1702 vineis
1322 1631 1481 1702 exierint
1505 1650 1616 1720 usque
1640 1633 1830 1719 completos
1852 1635 1946 1720 ipsos
1968 1649 2082 1700 annos
2104 1631 2243 1708 tollere,
2257 1633 2295 1697 et
2315 1631 2424 1700 habe-

563 1807 625 1868 re,
654 1790 692 1856 et
714 1791 832 1857 facere
855 1807 902 1856 cx
926 1788 977 1856 eis
1004 1787 1097 1874 quod
1120 1785 1309 1857 voluerint.
1336 1789 1381 1854 Et
1403 1789 1482 1874 post
1506 1787 1699 1873 completos
1724 1785 1818 1872 ipsos
1831 1802 1954 1892 annos
1976 1781 2160 1852 licentiam
2183 1785 2359 1852 haberent
2379 1785 2422 1852 de

565 1943 653 2030 ipsis
680 1943 833 2012 sortibus
856 1943 988 2012 tollore
1013 1961 1137 2012 omnes
1160 1959 1217 2010 res
1240 1960 1363 2010 eorum
1386 1940 1560 2019 mobiles,
1597 1943 1633 2006 et
1655 1940 1791 2007 faceret
1813 1938 1856 2006 de
1878 1937 1931 2006 eis
1953 1933 2045 2025 quod
2067 1937 2255 2006 voluerint.
2278 1899 2327 2006 'ut
2348 1940 2424 2026 ipse

566 2098 676 2164 vinee
699 2096 773 2164 sint
796 2092 832 2164 in
857 2097 1038 2183 potestate
1063 2095 1235 2172 illorum,
1261 2094 1304 2162 de
1327 2093 1428 2162 cuius
1451 2098 1546 2162 sorte
1569 2093 1699 2162 mutati
1722 2093 1868 2162 fuerint.
1904 2095 1950 2160 ut
1971 2111 2051 2161 cum
2074 2092 2152 2180 ipsa
2174 2093 2308 2179 scripta
2329 2093 2423 2162 lecta

563 2248 723 2324 fuerunt,
749 2247 825 2334 ipse
849 2247 1039 2334 paldulfhs
1062 2248 1162 2335 prius
1185 2250 1446 2336 comprehensit
1468 2248 1749 2337 suprascriptam
1771 2250 1903 2316 sortem
1925 2251 2073 2335 aparte
2096 2249 2371 2337 septemtrionis,
2387 2255 2424 2318 ct

563 2399 642 2487 ipse
667 2401 814 2470 domnus
840 2402 949 2488 guido
973 2403 1154 2472 secundus
1178 2401 1440 2490 comprehensit
1462 2402 1576 2491 ipsam
1600 2405 1731 2472 sortem
1755 2405 1896 2489 aparte
1919 2403 2094 2470 meridiei.
2120 2405 2165 2470 Et
2186 2399 2259 2491 ipse
2274 2404 2423 2472 domnus

566 2554 790 2640 guaimarius
813 2557 979 2644 princeps
1004 2559 1041 2623 et
1063 2556 1137 2624 dux
1160 2555 1289 2624 tertius
1315 2558 1579 2643 comprehensit
1600 2557 1714 2647 ipsam
1737 2561 1869 2626 sortem
1893 2577 1962 2644 que
1995 2557 2034 2625 in
2056 2556 2170 2626 medio
2193 2561 2260 2626 est.
2296 2560 2423 2628 Iamdi-

563 2709 650 2774 ctas
673 2726 757 2776 vero
779 2710 893 2776 sortes
921 2710 1266 2796 comprehensaruut
1288 2729 1369 2776 cum
1393 2710 1556 2778 omnibus
1578 2712 1760 2816 queintra
1783 2730 1844 2781 eas
1864 2714 1960 2790 sunt,
1974 2711 2181 2801 cunctisque
2195 2731 2320 2780 earum
2343 2733 2423 2801 per-

565 2859 742 2938 tinentiis,
768 2863 925 2950 qualiter
948 2882 988 2930 su
995 2863 1121 2950 perius
1138 2865 1231 2932 facte
1254 2866 1350 2942 sunt,
1367 2868 1404 2932 et
1426 2883 1507 2932 cum
1524 2865 1600 2934 vice
1623 2863 1748 2935 deviis
1770 2867 1856 2935 suis.
1881 2869 1933 2936 Ea
1948 2867 2099 2946 ratione,
2117 2869 2158 2935 ut
2180 2867 2421 2956 unusquisque

567 3014 768 3084 desertam
792 3036 899 3104 quam
924 3021 1203 3107 comprehensit,
1218 3023 1255 3088 et
1278 3021 1355 3090 eius
1377 3021 1526 3090 heredes
1550 3021 1735 3088 licentiam
1758 2991 1916 3089 habeant
1937 3020 2130 3088 secundum
2145 3022 2422 3110 suprascriptum

566 3171 726 3238 tenorem
750 3174 868 3242 facere
892 3174 984 3261 quod
1009 3175 1209 3244 voluerint.
1235 3178 1279 3244 Et
1301 3193 1366 3263 per
1389 3175 1672 3244 convenientiam
1695 3175 1763 3262 ipsi
1787 3175 1936 3244 domnus
1958 3175 2065 3261 guido
2089 3177 2127 3242 et
2140 3172 2320 3264 paldolfus
2334 3197 2423 3263 gua·

565 3323 626 3394 dia
653 3326 721 3414 ipsi
745 3329 926 3398 romoaldo
959 3350 1023 3417 pro
1048 3335 1152 3418 parte
1175 3331 1286 3418 ipsius
1309 3331 1430 3399 domni
1452 3327 1623 3418 principis
1646 3333 1683 3398 et
1704 3329 1803 3398 ducis
1827 3330 2028 3409 dederunt,
2063 3334 2101 3399 et
2122 3331 2197 3420 ipse
2227 3333 2335 3420 guido
2357 3352 2422 3420 pro

565 3481 671 3550 illius
695 3486 798 3570 parte
821 3483 1062 3552 fideiussorem
1086 3484 1120 3551 ei
1143 3485 1261 3572 posuit
1283 3485 1478 3554 atenolfum
1501 3483 1667 3554 comitem
1689 3485 1803 3554 fllium
1827 3485 2004 3573 quondam
2027 3485 2177 3555 landolfi
2199 3487 2350 3558 comitis.
2377 3491 2421 3556 Et

503 3671 507 3678 ·
576 3637 651 3724 ipse
674 3637 854 3724 paldulfus
877 3660 941 3727 pro
965 3639 1064 3708 illius
1087 3640 1191 3726 parte
1212 3637 1453 3706 fideiussorem
1477 3639 1511 3707 ei
1532 3640 1651 3727 posuit
1673 3641 1863 3710 iohannem
1897 3641 2060 3709 comitem
2094 3642 2208 3710 filium
2242 3643 2420 3730 quondam

564 3791 678 3860 alfani
701 3791 852 3860 comitis.
893 3795 938 3860 Et
961 3813 1024 3880 per
1051 3794 1164 3881 ipsam
1188 3793 1358 3880 guadiam
1382 3794 1450 3880 ipsi
1474 3795 1621 3864 domnus
1643 3796 1757 3882 guido.
1785 3801 1822 3864 et
1844 3797 2024 3885 paldolfus
2051 3797 2303 3883 obligaverunt
2323 3817 2361 3866 se
2384 3802 2421 3868 et

564 3964 646 4014 suos
669 3947 817 4015 heredes
841 3966 986 4034 semper
1010 3967 1221 4035 permanere
1245 3949 1284 4018 in
1307 3949 1552 4037 suprascripta
1575 3949 1747 4018 divisione
1769 3971 1850 4018 cum
1866 3951 1940 4038 ipso
1964 3951 2090 4018 domno
2105 3952 2266 4040 principe
2280 3955 2318 4020 et
2331 3953 2420 4021 duce

564 4101 602 4166 et
626 4117 707 4167 cum
730 4099 828 4170 illius
852 4101 1067 4179 heredibus,
1094 4101 1407 4210 quemammodum
1429 4102 1593 4190 superius
1615 4103 1762 4190 legitur.
1787 4105 1885 4173 Etsi
1907 4105 1946 4174 in
1968 4106 2212 4194 suprascripta
2234 4107 2418 4188 divisione,

565 4253 836 4340 quemamodum
858 4255 1021 4342 superius
1044 4255 1218 4342 scriptum
1241 4261 1307 4336 est,
1325 4278 1396 4326 non
1419 4259 1692 4345 permanserint,
1707 4262 1744 4327 et
1757 4261 1999 4347 suprascripta
2022 4260 2078 4328 vel
2094 4281 2140 4328 ex
2154 4237 2214 4330 ¹eis
2230 4261 2420 4351 quicquam

566 4425 750 4474 removere
774 4409 838 4476 aut
860 4408 1112 4477 contradicere
1135 4410 1445 4498 presumpserint,
1482 4412 1683 4498 peripsam
1715 4413 1885 4498 guadiam
1918 4416 2170 4503 obligaverunt
2202 4435 2240 4486 se
2270 4421 2307 4484 et
2339 4434 2420 4484 suos

568 4559 717 4628 heredes
740 4579 950 4648 componere
973 4561 1041 4649 ipsi
1064 4563 1191 4632 domno
1214 4563 1368 4652 principi
1391 4568 1428 4633 et
1450 4565 1532 4642 duci
1565 4569 1602 4634 et
1624 4567 1722 4635 illius
1744 4567 1935 4663 heredibus
1971 4569 2243 4656 quattuormilia
2265 4568 2421 4636 eurise

569 4712 672 4780 lidos
695 4713 1013 4793 constantinianus,
1038 4719 1076 4782 ct
1097 4716 1135 4784 in
1157 4717 1402 4806 suprascripta
1423 4718 1607 4797 divisione,
1633 4723 1902 4808 quemamodum
1925 4723 2088 4810 superius
2110 4725 2256 4812 legitur,
2282 4745 2421 4813 perma-

567 4883 666 4934 nere.
692 4867 737 4934 Et
760 4867 884 4936 taliter
907 4872 943 4936 te
967 4869 1187 4938 romoaldum
1212 4871 1390 4942 notarium
1415 4873 1476 4961 qui
1500 4873 1708 4954 interfuisti,
1732 4877 1890 4945 scrivere
1914 4877 2148 4965 precepimus,

608 5019 636 5110 †
660 5021 734 5107 Ego
759 5023 821 5109 qui
844 5042 954 5111 supra
979 5028 1120 5094 amatus
1144 5027 1253 5096 ludex

610 5171 638 5262 †
662 5177 736 5261 Ego
759 5177 823 5263 qui
846 5196 955 5264 supra
978 5181 1150 5252 iohannes
1174 5183 1295 5252 ludex.

1260 5441 1712 5458 —n——-.-—-.—-
