5398 7106
1036 521 1443 598 DIPLOMATICUS
1493 595 1497 602 ,
1555 513 1558 520 ’
2026 519 2116 598 ’.201

311 727 492 814 reliquam
516 725 748 794 medietatam
787 722 831 791 13
855 723 930 809 ipso
954 721 1076 790 vinum
1099 689 1203 788 3113
1226 720 1431 806 ipsapoma
1464 715 1532 788 sivi
1555 721 1713 796 abeant;
1750 719 1788 785 et
1811 715 1925 804 ipsum
1953 717 2096 786 missum
2119 720 2157 785 31

309 882 464 967 bequum
488 897 605 958 suum,
630 879 715 946 dum
738 877 788 946 ibi
810 877 963 954 steterit,
989 875 1185 953 nutricant,
1205 875 1252 950 ¹ut
1274 873 1408 941 iustum
1431 871 1553 950 suerit,
1578 875 1616 940 et
1638 872 1904 958 palmentateca
1926 869 2008 938 inde
2031 871 2152 950 13331,

310 1033 403 1101 sicut
426 1033 612 1110 meruerit,
629 1038 667 1100 et
688 1031 786 1100 omni
809 1035 970 1120 tempore
994 1030 1211 1128 1133313333
1235 1029 1279 1096 13
1303 1027 1382 1114 1333
1403 1025 1547 1096 domina
1570 1045 1650 1094 mea
1671 1029 1709 1094 et
1731 1025 1775 1094 de
1794 1024 2048 1113 suprascriptis
2078 1029 2086 1092 1

310 1183 398 1260 cius,
423 1185 461 1250 31
484 1183 528 1250 13
552 1184 697 1251 illorum
720 1179 927 1260 heredibus,
948 1139 1162 1270 perquidere
1185 1181 1264 1268 ipsa
1291 1183 1412 1260 rebus,
1436 1182 1474 1248 31
1496 1179 1526 1247 31
1551 1191 1623 1247 333
1645 1183 1739 1248 esset
1762 1181 1854 1248 bona
1875 1181 2037 1268 operata,
2051 1179 2162 1248 liceat

311 1337 393 1406 inde
415 1337 611 1424 pignerare
636 1297 748 1425 usque
771 1337 816 1405 ad
840 1340 971 1424 legem,
996 1335 1096 1405 3113
1118 1334 1291 1403 nativitas
1314 1334 1473 1412 domini,
1498 1338 1536 1404 et
1558 1334 1596 1403 in
1620 1353 1730 1422 pasca
1751 1335 1886 1406 maiore
1909 1286 2161 1424 331313311331

310 1489 442 1558 seniori
464 1491 534 1558 mei
558 1493 596 1558 31
617 1491 763 1558 illorum
787 1490 952 1568 heredes,
977 1489 1072 1558 sicut
1095 1487 1298 1566 meruerit,
1323 1491 1360 1556 31
1383 1488 1526 1576 quando
1548 1487 1627 1576 ipsa
1650 1489 1867 1558 tradictione
1890 1493 2014 1558 tenere
2038 1493 2162 1559 33133-

311 1646 397 1722 3131,
422 1645 532 1713 113331
554 1645 628 1713 11113
651 1651 688 1712 31
710 1645 876 1714 homines
899 1663 1025 1712 eorum
1047 1642 1131 1712 inde
1153 1642 1256 1711 exire
1279 1662 1360 1711 cum
1383 1645 1479 1711 omni
1505 1661 1614 1711 causa
1638 1662 1759 1712 eorum
1782 1643 1940 1722 mobilia,
1964 1599 2078 1712 31133
2103 1645 2164 1716 ubi

310 1795 498 1865 boluerint.
522 1800 675 1866 Tantum
697 1798 777 1884 ipsa
801 1795 1017 1866 tradictione
1039 1771 1142 1863 salba
1163 1797 1201 1862 et
1222 1797 1323 1864 clusa
1346 1800 1383 1865 at
1404 1798 1565 1882 operata,
1584 1797 1691 1884 quale
1714 1797 1900 1875 meruerit,
1919 1797 2104 1883 assignent
2116 1797 2163 1865 ad

311 1950 462 2037 parade
485 1951 553 2038 1331
577 1951 711 2020 3331331
735 1951 832 2027 mci,
869 1951 928 2018 vel
952 1949 997 2017 de
1022 1951 1165 2017 illorum
1194 1949 1401 2018 heredibus.
1438 1949 1535 2017 Unde
1558 1949 1595 2016 in
1620 1969 1660 2016 eo
1684 1949 1801 2018 tinore
1829 1949 2165 2036 333333333133113

310 2102 444 2189 guadia
467 2103 555 2171 mihi
580 2104 677 2172 dedit
699 2104 776 2190 ipse
801 2101 990 2194 mirandus
1014 2120 1079 2190 pro
1102 2103 1207 2188 parte
1229 2101 1274 2168 de
1300 2101 1378 2187 ipsa
1400 2099 1546 2168 domina
1570 2119 1651 2168 mea
1686 2104 1723 2169 et
1745 2101 1789 2169 13
1811 2101 1880 2189 1331
1906 2103 1974 2171 filii
1997 2107 2103 2183 eius,
2128 2109 2165 2174 31

310 2220 548 2325 1131333333(
572 2255 659 2324 mihi
682 2259 797 2343 posuit
816 2274 880 2342 pro
903 2255 1051 2323 illorum
1074 2255 1178 2340 33313
1194 2255 1318 2339 331333
1341 2253 1523 2320 castaldus
1546 2253 1639 2320 illius
1656 2254 1837 2342 quondam
1858 2254 2003 2326 iohanni
2027 2261 2172 2336 333131-Ἰ

310 2407 359 2484 11,
384 2409 444 2496 qui
466 2409 583 2476 dictus
604 2412 659 2476 cst
680 2407 857 2494 galiardu3
883 2411 920 2476 et
942 2425 1007 2494 per
1030 2407 1143 2493 ipsam
1167 2405 1340 2492 guadiam
1362 2407 1431 2473 etc:
1457 2408 1604 2475 Statata
1627 2409 1763 2478 naalctc
1787 2411 2052 2497 quinquaqinta
2075 2417 2166 2482 aare·

310 2563 507 2634 3311133333
527 2563 924 2633 constantinianoram.
950 2559 1048 2638 Quod
1070 2559 1199 2646 scripsi
1223 2577 1289 2668 ego
1314 2558 1487 2628 iohannes
1510 2560 1688 2629 notarius.

353 2717 381 2809 †
405 2719 478 2804 Ego
501 2717 674 2785 iohannes
696 2716 848 2784 clericus
871 2717 908 2782 et
931 2713 1093 2782 notarius
1116 2712 1178 2800 qui
1201 2715 1238 2779 et
1260 2715 1466 2781 subscribsi.

355 2871 479 2962 †itgo
503 2869 676 2938 Alderissi
699 2869 864 2938 notarius
888 2886 945 2935 me
968 2865 1175 2935 subscribsi.

1035 3223 1421 3358 'Monxxxv'

1076 3521 1136 3596 a.
1163 3517 1221 3594 3.
1249 3516 1374 3602 1053

358 3783 386 3874 †
409 3787 448 3852 In
470 3785 613 3854 nomine
634 3783 769 3852 domini
792 3783 998 3853 duodecimo
1021 3803 1112 3853 anno
1134 3785 1357 3872 principatus
1379 3785 1500 3854 dom-ni
1523 3786 1637 3854 nostri
1659 3785 1780 3872 gisolfi
1802 3784 1951 3872 31331331
1973 3785 2166 3873 331331313,

316 3955 436 4006 mense
459 3940 619 4024 agustus,
644 3940 749 4005 sexta
771 3937 978 4007 indictione.
1004 3938 1297 4008 Memoratorium
1321 3939 1457 4009 factum
1482 3959 1505 4008 a
1528 3895 1629 4008 nobis
1653 3940 1743 4008 lidto
1764 3939 1861 4008 11133
1885 3940 2064 4026 quondam
2089 3961 2168 4009 mu·

315 4092 417 4161 sandi
440 4094 478 4162 31
499 4093 593 4162 citro
615 4092 710 4162 111133
734 4093 912 4180 quondam
934 4093 1088 4172 sesami,
1112 4111 1154 4161 33
1178 4093 1271 4180 quod
1294 4097 1379 4162 ante
1401 4092 1592 4182 subscripti
1616 4097 1725 4164 testes
1748 4057 1997 4184 prostituimus
2020 4095 2170 4164 mulieri

316 4247 455 4315 nomine
478 4245 536 4314 Ida
559 4246 687 4315 relicta
710 4245 888 4336 quondam
911 4243 1061 4314 iohanni
1083 4246 1151 4315 filii
1173 4249 1328 4326 sesami,
1359 4251 1397 4318 31
1418 4249 1621 4336 satelgrimi
1646 4251 1683 4318 et
1706 4249 1881 4318 romoaldi
1902 4249 2068 4336 germani
2092 4249 2168 4318 filii
2276 4222 2281 4232 ⁵

315 4399 549 4489 suprascripti
572 4401 750 4478 iohannis,
764 4399 827 4490 qui
850 4402 934 4466 sunt
956 4401 1069 4467 mater
1091 4401 1129 4466 et
1149 4401 1246 4480 111113,
1260 4400 1525 4489 quinquaginta
1547 4402 1629 4470 auri
1653 4403 1726 4472 tari
1749 4403 1845 4482 voni,
1870 4401 2003 4470 stillis
2026 4421 2090 4489 pro
2114 4405 2169 4472 ta·

316 4553 401 4624 liter
423 4571 488 4641 per
509 4553 775 4621 combenientia
797 4553 835 4620 13
858 4551 988 4622 fiducia
1012 4553 1253 4622 bendiderunt
1290 4555 1391 4623 nobis
1413 4553 1543 4622 inclita
1578 4574 1651 4622 una
1673 4557 1821 4622 tertiam
1861 4556 2000 4641 partem
2029 4555 2168 4624 13133

315 4708 479 4794 3331333
501 4711 599 4775 terra
622 4707 715 4794 quod
738 4707 812 4776 illis
836 4710 949 4778 abunt
971 4727 995 4776 a
1016 4710 1140 4775 subtus
1163 4708 1240 4774 loco
1263 4725 1378 4794 angre
1402 4707 1463 4777 ubi
1487 4707 1675 4785 arciliane,
1701 4711 1739 4775 et
1759 4707 1887 4775 inclita
1912 4725 1986 4774 333
2008 4707 2156 4776 tertiam
2180 4787 2181 4792 η

316 4864 455 4948 partem
478 4861 522 4928 de
546 4880 616 4929 una
639 4860 714 4930 alia
738 4861 841 4948 pecia
864 4861 908 4928 de
934 4863 1069 4928 terram
1093 4879 1163 4947 que
1194 4862 1250 4927 est
1285 4878 1367 4928 cum
1397 4860 1635 4929 castanietum
1660 4861 1697 4926 et
1727 4859 1957 4947 quertietum‚
1975 4878 2044 4948 quc
2067 4862 2122 4927 331
2145 4879 2171 4928 3

316 5031 425 5112 super
446 5013 521 5102 ipso
544 5015 621 5082 loco
644 5033 759 5101 angre
785 5014 845 5082 ubi
868 5015 1011 5101 gorgite
1034 5013 1176 5092 dicitur,
1190 5017 1227 5082 ct
1249 5013 1388 5114 inclita¹
1401 5013 1546 5082 tertiam
1570 5015 1712 5106 partem
1735 5013 1779 5081 de
1801 5032 1876 5081 una
1898 5013 1974 5081 alia
1995 5017 2098 5101 peoia
2120 5015 2165 5084 13

298 5169 417 5236 .13333
438 5186 519 5235 cum
542 5169 756 5244 arbustum,
798 5166 857 5235 ubi
880 5169 920 5236 31
942 5171 1049 5252 33313
1072 5165 1207 5234 1131133
1237 5167 1367 5235 tinibus
1391 5167 1548 5236 nucerio.
1574 5167 1693 5255 prima
1715 5167 1817 5255 33313
1840 5167 1887 5234 13
1909 5169 2077 5236 Arcilone
2101 5187 2167 5255 per
2287 5245 2293 5260 ,

317 5339 358 5389 ec
379 5321 459 5388 tiuis
482 5325 519 5389 et
541 5322 745 5389 mensuris:
771 5341 793 5388 a
816 5323 919 5408 parte
945 5319 1093 5387 meridie
1115 5321 1185 5402 1133
1210 5323 1341 5398 333133,
1367 5318 1451 5387 1313
1474 5319 1570 5406 passi
1593 5319 1715 5388 decem
1739 5324 1776 5386 et
1797 5321 1888 5398 octo;
1906 5339 1930 5388 3
1949 5323 2054 5408 33313
2077 5321 2171 5389 3331-

317 5474 433 5544 133113
469 5475 539 5543 dne
562 5493 631 5564 que
668 5477 737 5544 fuit
759 5475 802 5544 de
834 5474 1055 5542 consortibus
1079 5473 1231 5552 nostris,
1268 5474 1352 5542 inde
1375 5471 1470 5559 passi
1495 5473 1737 5561 quadraginta
1760 5477 1871 5542 tres?
1902 5479 2051 5562 aparte
2086 5481 2164 5546 seb-

186 5645 201 5660 '
317 5629 542 5716 13313131οηί3
564 5628 658 5716 passi
682 5628 842 5697 sidecim:
861 5629 891 5692 Α
907 5631 1008 5714 33313
1029 5627 1178 5696 33133113
1201 5628 1270 5694 dne
1292 5629 1336 5708 (13
1359 5627 1508 5696 heredes
1531 5627 1691 5696 ademari
1715 5627 1868 5707 notario,
1882 5629 1967 5698 1313
1983 5631 2076 5717 passi
2095 5631 2161 5700 aiii

317 5780 561 5870 quadraginta
583 5779 778 5867 quadtuor.
819 5778 980 5847 Secunda
1018 5780 1093 5846 alia
1129 5778 1231 5865 peoia
1266 5778 1303 5850 in
1338 5779 1413 5865 ipso
1451 5780 1527 5846 loco
1552 5779 1711 5847 arcilone
1742 5779 1862 5867 ibique
1884 5783 2081 5868 propinquo
2104 5797 2171 5867 per

390 5896 463 5955 Tou.
484 5911 534 5954 ru.
765 5986 767 5990 .
1739 5935 1764 5990 x
1986 5899 2046 5970 at
