5398 7106
1012 519 1416 630 nvruousvruus
2019 515 2087 589 nu

286 716 321 782 et
344 713 555 791 rationibus,
582 733 671 802 quas
695 713 777 783 inde
800 713 1045 791 ostederimus3
1071 717 1108 782 et
1131 733 1194 802 per
1217 711 1478 781 combenientia
1500 710 1670 820 guadiam
1694 711 1794 779 nobis
1818 711 1886 798 ipsi
1903 715 2018 780 mater
2041 715 2078 781 et
2100 715 2140 780 li-

283 869 342 938 liis
366 867 565 946 dederunt;
592 873 713 936 tamen
738 874 815 958 ipsa
838 871 967 938 mulier
990 887 1054 962 per
1078 869 1262 936 voluntate
1286 868 1329 935 de
1353 868 1421 954 ipsi
1444 867 1509 935 lilii
1532 867 1609 945 sui,
1634 870 1671 934 et
1692 865 1927 934 ildeiuxorem
1951 867 2051 935 nobis
2074 887 2135 956 po·
2253 920 2257 926 .

285 1027 435 1092 suerunt
458 1027 640 1112 iaquintus
663 1043 857 1111 germanus
879 1025 991 1111 ipsius
1013 1020 1073 1092 lde
1095 1023 1160 1091 filii
1184 1025 1362 1112 quondam
1385 1022 1534 1091 iohanni
1553 1047 1561 1100 ;
1587 1025 1624 1089 et
1645 1001 1710 1109 per
1733 1021 1812 1110 ipsa
1843 1021 1978 1108 guadia
2000 1021 2139 1108 obliga-

287 1181 414 1246 berunt
436 1195 474 1244 se
497 1181 533 1245 et
556 1178 700 1245 illorum
723 1177 915 1255 eredibus,
941 1177 1034 1265 quod
1057 1175 1087 1246 si
1111 1177 1235 1244 taliter
1257 1176 1378 1244 omnia
1401 1174 1647 1262 suprascripta
1670 1161 1770 1242 nobis
1795 1177 1996 1263 nostrisque
2020 1177 2139 1243 eredi-

286 1334 350 1398 bus
373 1349 444 1398 non
467 1331 741 1418 adimpleverint
763 1335 800 1400 et
822 1333 953 1419 aliquit
975 1331 1107 1400 exinde
1129 1303 1436 1406 contradixerint,
1475 1348 1539 1416 per
1564 1328 1644 1415 ipsa
1666 1329 1802 1414 guadia
1824 1329 2078 1417 obligaberunt
2100 1350 2138 1398 se

287 1487 323 1552 et
346 1485 490 1552 illorum
513 1485 678 1552 eredibus
700 1503 911 1571 componere
935 1485 1037 1552 nobis
1076 1485 1278 1573 nostrisque
1317 1483 1482 1554 oredibus
1506 1483 1661 1569 triginta
1698 1484 1779 1550 auri
1817 1484 1948 1552 solidos
1972 1489 2140 1554 constan-

285 1637 407 1713 tinus,
442 1639 480 1703 et
501 1637 744 1723 suprascripta
767 1637 866 1704 nobis
889 1635 1098 1724 adimplere.
1124 1637 1180 1704 Sic
1205 1639 1323 1704 tamen
1347 1639 1387 1705 ut
1409 1637 1477 1723 ipsi
1502 1635 1574 1704 tari
1598 1636 1641 1703 de
1665 1657 1734 1724 que
1758 1637 1884 1705 amodo
1908 1657 1977 1705 non
2002 1641 2139 1726 prestet

285 1804 348 1872 per
371 1789 510 1854 nullum
535 1787 689 1866 modum,
706 1791 762 1856 set
784 1789 887 1856 retda
909 1789 983 1856 illis
1007 1789 1108 1857 nobis
1131 1789 1178 1856 da
1200 1793 1327 1877 propia
1348 1809 1415 1858 sua
1439 1778 1548 1858 causa
1571 1809 1636 1877 per
1659 1791 1829 1860 iamdicta
1845 1769 1979 1879 guadia
1996 1797 2033 1862 et
2047 1813 2141 1883 pena

248 1923 250 1926 ’
285 1943 457 2030 obligata.
483 1943 576 2030 quod
598 1943 724 2030 scripsi
749 1962 815 2030 ego
839 1943 1024 2012 mirandus
1048 1943 1222 2010 notarius.

330 2093 356 2179 †
380 2098 454 2181 Ego
477 2094 709 2180 guisenolfus.
1242 2070 1244 2074 ⁵

330 2248 357 2340 †
381 2252 454 2336 Ego
477 2251 600 2335 petrus
624 2249 785 2318 notarius
809 2267 865 2316 me
888 2249 1094 2317 subscribsi.

875 2617 877 2620 ψ
1018 2533 1439 2648 Munxxxvu'

1058 2780 1118 2854 Α.
1145 2778 1202 2852 n.
1230 2777 1354 2854 1053

330 3010 358 3100 †
381 3011 465 3077 LEO
487 3010 671 3097 episcopus
693 3007 1023 3079 servus'servorum
1039 3011 1097 3079 dei
1109 3011 1282 3078 ecclcsiae
1297 3013 1335 3078 et
1346 3010 1561 3078 monasterio
1584 3013 1708 3079 sancte
1721 3012 1755 3078 et
1771 3009 1980 3079 individuae
2005 3011 2140 3080 TRINI·

288 3167 409 3233 TthS
431 3166 529 3234 intra
553 3169 738 3234 barensem
761 3166 944 3234 civitatem
968 3167 1207 3244 constructae,
1229 3167 1266 3233 et
1288 3184 1353 3253 per
1376 3184 1455 3234 eam
1479 3165 1601 3234 abbati
1625 3185 1746 3234 marco
1771 3167 1889 3234 nostro
1913 3167 2046 3235 dilecto
2068 3169 2140 3236 filio

288 3320 495 3406 cunctisque
517 3317 628 3406 ipsius
649 3321 912 3388 successoribus
934 3320 1105 3387 canonice
1127 3319 1214 3386 illuc
1238 3320 1453 3388 intrantibus
1469 3315 1505 3387 in
1521 3322 1745 3405 perpetuum.
1771 3319 1937 3388 Omnium
1961 3320 2064 3388 iustis
2082 3340 2143 3408 pe-

288 3471 473 3540 titionibus
495 3475 681 3558 gratanter
703 3471 908 3548 annuimus,
924 3472 1091 3558 quoniam
1115 3473 1211 3538 iusta
1233 3473 1270 3538 et
1293 3471 1354 3557 pia
1377 3473 1506 3558 rogata
1529 3471 1594 3539 deo
1617 3489 1759 3558 semper
1783 3477 1980 3542 noscuntur
2002 3477 2142 3563 placita

288 3629 325 3696 et
348 3605 564 3694 amicabilia.
590 3625 764 3692 Videntes
787 3624 902 3711 igitur
925 3624 1074 3692 ecclesie
1097 3623 1164 3693 tibi
1187 3625 1372 3692 commisse
1395 3625 1571 3692 iustitiam
1610 3625 1654 3692 de
1677 3626 1793 3694 sancti
1817 3627 1950 3695 nicolai
1990 3617 2143 3700 ecclesia

289 3801 395 3869 quam
419 3783 616 3868 prophatae
639 3779 798 3848 civitatis
822 3781 981 3848 nicolaus
1004 3781 1120 3848 dictus
1143 3783 1328 3868 episcopus
1365 3779 1538 3848 ecelesiae
1561 3779 1755 3847 iamdictae
1788 3783 1935 3849 sanctae
1961 3773 2138 3852 trinitatis

289 3937 489 4005 volontaria
510 3892 690 4003 oblatione
713 3934 844 4022 optulit
866 3937 903 4001 et
925 3935 964 4002 in
987 3937 1197 4021 perpetuum
1221 3935 1458 4012 confirmavit,
1485 3935 1586 4002 nobis
1609 3934 1753 4002 omnino
1777 3935 1915 4022 placuit
1937 3938 2046 4024 atque
2060 3957 2143 4024 apo·

288 4090 413 4158 stoliea
436 4089 651 4157 auctoritate
676 4087 729 4155 ita
751 4087 788 4154 in
811 4089 1022 4176 perpetuum
1046 4088 1168 4154 valere
1192 4089 1315 4155 nostra
1349 4088 1541 4156 decretalis
1564 4088 1743 4156 institutio
1767 4089 1938 4156 decrevit.
1980 4093 2026 4158 Et
2049 4090 2143 4157 sicut

289 4261 313 4310 a
338 4245 511 4331 prephato
534 4241 671 4310 nicolao
694 4242 943 4330 prenominato
966 4241 1128 4330 episcopo
1151 4241 1314 4329 predicta
1337 4243 1452 4310 sancti
1477 4241 1610 4310 nicolai
1633 4241 1786 4310 ecclesia
1809 4262 1890 4310 cum
1914 4244 2011 4311 omni
2035 4247 2141 4332 bene-

288 4396 366 4464 flcio
388 4399 426 4464 et
448 4399 553 4464 hortu
578 4399 685 4484 atque
708 4395 895 4491 viridiario
918 4399 1059 4463 etcum
1082 4395 1238 4464 transitu
1262 4398 1298 4463 et
1321 4397 1421 4463 exitu
1445 4414 1508 4463 suo
1531 4395 1704 4464 ecclesiae
1728 4400 1851 4465 sancte
1866 4396 2045 4464 trinitatis
2069 4400 2142 4464 sta·

288 4550 409 4620 biliter
432 4553 540 4639 atque
564 4549 854 4618 inrevocabiliter
876 4553 942 4618 sub
964 4549 1206 4616 anathematis
1230 4567 1323 4636 pena
1346 4548 1530 4634 colligata,
1555 4550 1608 4617 ita
1632 4551 1672 4616 ut
1695 4569 1760 4616 nec
1784 4549 1864 4636 ipsi,
1892 4567 2007 4636 neque
2031 4549 2142 4616 alicui

289 4703 474 4834 hqminum
497 4702 750 4789 cuiuscumque
774 4701 1014 4831 conditionish,
1040 4721 1102 4770 seu
1126 4699 1340 4788 dignitatis,
1366 4704 1421 4770 vel
1446 4703 1628 4812 potestatis
1651 4703 1762 4770 liceat
1785 4703 1998 4788 prephatam
2022 4705 2141 4770 sancti

290 4859 420 4926 nicolai
444 4857 632 4926 ecelesiam
655 4875 736 4924 cum
750 4855 921 4923 ¹omnibus
942 4874 1062 4922 secum
1086 4855 1259 4923 concessis
1283 4875 1305 4922 a
1328 4855 1508 4942 prelibata
1541 4857 1664 4922 sancte
1699 4849 1874 4922 trinitatis
1901 4855 2055 4924 ecclesia
2080 4857 2142 4922 vel

292 5011 507 5079 monasterio
530 5029 739 5098 quocunque
763 5009 864 5077 modo
887 5027 949 5076 seu
965 5008 1109 5094 ingenio
1132 5009 1346 5076 subtrahere
1369 5009 1427 5075 vel
1450 5007 1623 5083 alienare,
1641 5009 1694 5074 sic
1717 5007 1857 5077 omnino
1873 5009 2140 5086 confirmamus,

289 5165 525 5242 decernimus,
551 5167 659 5251 atque
682 5166 963 5231 corroboramus.
989 5163 1197 5250 Quicunque
1220 5161 1334 5246 igitur
1356 5161 1462 5228 huius
1486 5159 1602 5227 nostri·
1623 5159 1807 5246 privilegii
1832 5128 2064 5248 temptaverit
2088 5183 2143 5230 re-

290 5320 430 5406 fragari
455 5319 646 5396 instituto,
683 5319 731 5385 sit
753 5321 818 5386 sub
841 5317 1082 5384 anathematis
1106 5299 1331 5401 penadonec
1356 5315 1553 5403 resipiscat.
1580 5313 1813 5381 Conservator
1837 5333 1920 5383 vero
1944 5319 2142 5403 apostolica

293 5473 445 5540 refertus
469 5472 714 5540 benedictione
749 5490 771 5538 a
793 5473 920 5538 sancta
953 5473 989 5536 et
1012 5467 1195 5536 individua
1220 5467 1384 5536 trinitate
1409 5465 1666 5552 perpetualiter
1702 5467 1865 5532 eternam
1896 5449 2138 5553 consequatur

290 5630 457 5699 salutem.

555 5783 623 5849 Leo
647 5782 757 5866 Papa,
1624 5777 1716 5840 Bene
1742 5774 1870 5840 valeto.
