5454 7104
1021 618 1472 696 orrrouurrous
2025 576 2092 694 us

289 829 354 898 per
376 829 497 880 omnes
519 813 614 882 vices
637 813 761 882 demus
784 813 830 882 ad
854 815 947 901 ipsos
969 815 1182 901 presbiteros
1205 833 1267 883 seu
1291 817 1494 908 monachos,
1520 819 1598 903 qui,
1625 819 1665 884 ut
1687 816 1822 884 dictum
1846 820 1911 893 est,
1937 835 2001 902 per
2024 835 2084 884 vos
2105 819 2142 883 et

291 983 355 1051 per
376 968 512 1034 vestros
535 966 676 1034 heredis
701 965 739 1034 in
762 965 933 1034 iamdicta
956 967 1095 1036 ratione
1117 969 1157 1036 in
1179 969 1258 1056 ipsa
1281 953 1434 1036 ecclesia
1457 969 1640 1037 hordinati
1664 970 1826 1046 tuerint,
1869 973 1906 1036 et
1929 969 1974 1038 ad
1998 989 2060 1038 nos
2083 973 2140 1036 vel

285 1118 334 1186 ad
356 1137 574 1188 successores
598 1123 735 1188 nostros
758 1123 924 1189 venerint
946 1141 1041 1209 aqua
1064 1121 1289 1200 santificata,
1315 1141 1380 1210 per
1405 1143 1511 1210 quam
1535 1123 1600 1191 deo
1625 1124 1794 1202 iubente,
1820 1124 1956 1192 altares
1979 1125 2071 1210 ipsos
2095 1125 2140 1193 ad

289 1273 549 1343 restitutionem
573 1275 766 1361 perducere
790 1277 947 1344 valeant.
973 1279 1018 1344 Et
1041 1279 1251 1364 potestatem
1275 1278 1471 1344 habeamus
1494 1295 1560 1362 ego
1585 1279 1621 1344 et
1637 1295 1732 1344 meos
1754 1295 1977 1345 successores
2000 1281 2036 1344 et
2058 1278 2141 1346 mis·

284 1445 346 1494 sos
369 1429 508 1494 nostros
531 1427 627 1495 omni
649 1447 755 1508 anno,
775 1431 917 1516 quando
941 1429 1168 1506 voluerimus,
1186 1429 1280 1516 ipsos
1303 1429 1525 1515 presbiteros
1548 1432 1585 1497 et
1604 1433 1795 1498 monachos
1819 1433 1856 1496 et
1877 1431 2038 1508 clericos,
2056 1451 2142 1520 quos

288 1581 325 1646 in
350 1579 474 1648 eadem
500 1582 652 1650 ecelesia
673 1601 738 1668 per
761 1586 796 1649 te
820 1586 856 1650 et
879 1602 943 1670 per
966 1587 1045 1651 tuos
1069 1585 1218 1653 heredes
1242 1584 1281 1652 in
1306 1583 1477 1652 iamdicta
1501 1583 1641 1651 ratione
1668 1584 1876 1652 hordinatos
1899 1587 2060 1664 suerint,
2097 1583 2140 1654 ad

285 1751 352 1800 nos
375 1733 456 1801 illos
480 1735 602 1803 venire
626 1738 744 1804 lacere
766 1739 804 1804 et
826 1736 906 1804 illos
930 1737 1115 1826 requirere
1139 1739 1175 1803 et
1198 1736 1358 1805 iudicare
1381 1737 1462 1806 illos
1481 1787 1489 1814 ,
1532 1737 1728 1805 secundum
1759 1737 1925 1806 instituta
1949 1753 2141 1816 canonum,¹

284 1887 421 1974 absque
445 1891 564 1955 vestra
587 1890 624 1954 et
645 1889 688 1956 de
712 1890 840 1958 vestris
863 1890 1053 1958 heredibus
1087 1891 1345 1960 contrarietate
1370 1893 1427 1958 vel
1453 1892 1698 1979 requisitione.
1743 1895 1787 1958 Et
1823 1910 1887 1959 nec
1911 1895 1949 1959 tu
1974 1911 2038 1958 uec
2062 1895 2140 1960 tuos

286 2045 436 2113 heredes
458 2045 646 2114 licentiam
670 2047 833 2116 habeatis
855 2047 1092 2134 presbiterum
1116 2049 1172 2114 vel
1197 2047 1369 2114 clericum
1392 2047 1648 2133 cuiuscumque
1670 2046 1805 2132 gradus
1839 2064 1884 2112 ex
1916 2047 2033 2114 altera
2067 2047 2142 2115 dio-
2188 2030 2191 2036 ¹

286 2199 389 2275 cesis,
413 2198 491 2267 sine
516 2202 639 2268 nostra
661 2202 698 2266 et
720 2217 961 2268 successorum
985 2207 1186 2268 nostrorum
1209 2201 1415 2276 licentiam,
1443 2203 1481 2267 in
1504 2199 1630 2267 eadem
1653 2199 1846 2267 bordinare
1869 2201 2069 2268 ecclesiam.
2095 2204 2140 2267 st

229 2335 232 2340 ¹
287 2371 351 2438 per
375 2372 515 2421 omnem
540 2373 674 2421 aunum
696 2357 737 2422 tu
759 2354 949 2422 iamdictus
973 2355 1131 2422 radolsus
1154 2357 1332 2442 presbiter
1355 2357 1392 2420 et
1415 2357 1494 2421 tuos
1529 2354 1678 2421 heredes
1712 2353 1837 2422 amodo
1869 2356 1906 2422 et
1940 2373 2079 2440 semper
2102 2355 2139 2422 in

287 2505 365 2590 ipsa
387 2506 581 2574 festivitate
604 2511 727 2575 sancte
750 2506 844 2574 lucie
867 2507 959 2575 detis
982 2506 1112 2575 exinde
1136 2525 1280 2574 censum
1305 2507 1351 2575 ad
1375 2509 1516 2593 partem
1541 2507 1693 2593 predicti
1731 2507 2002 2594 archiepiscopii
2028 2527 2137 2577 unum

282 2677 426 2728 cereum
450 2661 624 2748 duplicem
650 2662 693 2729 de
715 2663 846 2730 cubito.
873 2663 920 2727 De
943 2680 1015 2749 qua
1037 2680 1102 2748 per
1125 2662 1255 2729 bonam
1279 2661 1567 2728 convenientiam
1590 2661 1709 2748 obligo
1733 2680 1817 2738 me,
1856 2681 1922 2748 ego
1946 2661 2007 2749 qui
2030 2680 2138 2750 supra

287 2815 459 2882 lohannes
481 2814 615 2882 domini
637 2815 759 2900 gratia
782 2813 1068 2900 archiepiscopus
1091 2816 1128 2880 et
1151 2813 1239 2881 meis
1275 2814 1560 2890 successoribus,
1598 2816 1635 2880 et
1657 2832 1739 2900 pars
1765 2814 1879 2882 nostri
1903 2815 2139 2901 archiepisco·

283 2966 346 3052 pii,
371 2969 412 3032 ut
434 2965 463 3032 si
488 2933 636 3052 aliquid,
662 2965 705 3032 de
730 2964 902 3052 quomodo
924 2966 1088 3052 superius
1111 2965 1259 3050 legitur,
1285 2965 1521 3052 quesierimus
1546 2985 1728 3034 removere
1754 2969 1819 3034 aut
1841 2972 2020 3044 contrare,
2053 2987 2138 3055 quo·

289 3121 540 3210 modocumque
564 3139 628 3208 per
651 3124 910 3210 qualecumque
934 3121 1121 3197 rationem3
1147 3123 1184 3186 et
1207 3120 1324 3196 talia,
1352 3123 1392 3187 ut
1415 3121 1578 3207 superius
1601 3121 1767 3207 legitur,
1797 3141 1866 3190 non
1889 3122 2139 3208 adimpleveri—

290 3294 394 3356 mus,
431 3293 642 3361 componere
666 3275 731 3342 tibi
756 3275 891 3342 radolio
914 3273 1109 3360 presbitero
1133 3274 1273 3360 tuisque
1297 3275 1488 3342 heredibus
1512 3277 1654 3342 centum
1684 3275 1764 3342 auri
1787 3261 1915 3342 solidos
1939 3275 2139 3343 constanti-

296 3447 371 3497 nos.
397 3431 441 3496 Et
470 3429 842 3520 perconvenientiam
865 3429 941 3514 ipse
964 3428 1121 3496 radoltbs
1144 3427 1321 3514 presbiter
1345 3427 1520 3514 obligavit
1543 3445 1580 3494 se
1603 3429 1640 3494 et
1662 3446 1743 3496 suos
1765 3428 1941 3506 heredes,
1967 3428 1998 3495 si
2022 3428 2137 3514 ipsum

281 3564 446 3658 censum,
472 3581 565 3648 sicut
586 3581 750 3668 superius
772 3581 920 3668 legitur,
939 3580 1047 3650 michi
1069 3580 1228 3667 meisque
1251 3578 1526 3656 successoribus,
1544 3581 1581 3646 et
1604 3580 1649 3647 ad
1664 3582 1804 3667 partem
1827 3580 1984 3666 predicti
2000 3579 2140 3648 archie-

285 3732 468 3820 piscopii,
499 3751 568 3800 non
592 3732 768 3810 dederint,
794 3734 832 3798 et
853 3733 1121 3822 suprascripta,
1157 3733 1283 3799 velex
1306 3731 1358 3799 eis
1382 3733 1574 3820 quicquam
1596 3751 1779 3801 removere
1802 3735 1866 3801 aut
1889 3733 2137 3800 contradicere

289 3887 588 3974 presumpserint,
613 3905 822 3974 componere
846 3886 956 3954 michi
979 3887 1136 3970 meisque
1159 3886 1445 3963 successoribus,
1471 3886 1576 3954 etad
1601 3890 1741 3973 partem
1764 3887 1916 3974 predicti
1942 3883 2053 3954 nostri
2079 3906 2137 3955 ar·
2161 3911 2164 3916 ·

283 4041 516 4130 chiepiscopii
539 4043 681 4109 centum
704 4039 785 4108 auri
808 4040 939 4108 solidos
961 4041 1216 4109 constantines.
1242 4043 1287 4107 Et
1308 4039 1398 4107 duas
1421 4041 1580 4108 cartulas
1605 4039 1711 4108 unius
1734 4041 1881 4119 tenoris,
1903 4042 2010 4118 hanc,
2029 4059 2136 4128 quam

281 4195 353 4282 ipsi
378 4194 515 4262 radolio
539 4193 672 4271 remisi,
690 4195 727 4260 et
749 4194 921 4268 alteram,
940 4209 1047 4278 quam
1062 4209 1147 4278 pars
1161 4191 1314 4278 predicti
1330 4192 1444 4260 nostri
1468 4192 1741 4280 archiepiscopii
1766 4192 1908 4270 retinet,
1927 4196 1963 4260 te
1987 4193 2159 4262 romoal-·

279 4347 368 4415 dum
393 4347 577 4415 notarium
599 4346 754 4414 scrivere
777 4343 932 4433 precepi.

330 4503 407 4570 Pax
431 4503 506 4587 Ego
529 4501 590 4588 qui
613 4519 722 4588 supra
744 4501 912 4569 iohannes
937 4499 1235 4585 archiepiscopus.

329 4654 357 4741 †
381 4657 455 4740 Ego
478 4657 616 4722 amatus
638 4652 814 4740 presbiter
839 4655 876 4720 et
898 4651 1093 4721 cardinalis

324 4807 352 4898 †
379 4810 452 4894 Ego
478 4807 663 4896 laquintus
685 4807 931 4875 subdiaconus.
