5454 7104
1033 539 1441 614 blPLOlll'llcbs
2074 545 2117 618 83

311 731 424 796 totum
459 734 495 797 et
518 731 680 800 inclitum
715 733 799 802 illut
821 735 866 802 ad
892 735 1035 802 illorum
1070 739 1107 802 et
1129 735 1173 801 ad
1198 754 1320 802 eorum
1343 736 1466 802 eredes
1489 737 1562 803 sint
1584 739 1793 822 potestatem
1818 738 2032 814 tenendum,
2058 739 2168 807 domi·

312 889 469 956 nandum
493 890 530 954 et
568 885 666 957 fovee
689 894 726 957 et
748 889 863 959 omnis
887 892 1030 958 illorum
1068 892 1237 1000 utilitatis
1261 891 1356 960 iusta
1380 895 1552 960 ratonem
1578 893 1707 960 ibidem
1732 895 1873 970 sacer03
1899 897 1936 962 et
1959 897 2069 962 totum
2094 896 2178 966 illut

317 1045 482 1111 laborare
507 1049 543 1111 et
566 1043 715 1122 cultore,
730 1049 822 1113 sicut
845 1048 1030 1124 meruerit,
1056 1052 1092 1115 et
1115 1049 1293 1116 seminare
1317 1053 1354 1116 et
1377 1049 1601 1136 recolligere,
1627 1061 1663 1116 et
1686 1055 1858 1138 quantum
1876 1051 2108 1120 rinctualium
2133 1057 2169 1120 et

260 1181 264 1190 ¹
317 1204 438 1271 binum
462 1203 592 1270 ibidem
618 1206 782 1282 iecerint,
802 1205 946 1272 illorum
970 1205 1043 1272 sint
1066 1207 1267 1292 potestate;
1293 1172 1433 1280 tantum
1457 1225 1521 1291 per
1543 1225 1664 1272 omnes
1680 1225 1791 1273 annos
1814 1207 1922 1274 deant
1945 1207 2075 1274 ividem
2101 1212 2171 1277 ter-

318 1357 472 1424 raticum
489 1357 532 1424 de
548 1359 661 1427 omnis
679 1360 876 1427 vinctualiu
893 1361 930 1426 et
952 1361 995 1426 de
1011 1360 1085 1446 ipso
1108 1363 1221 1427 linum
1237 1359 1288 1428 ibi
1312 1362 1525 1428 seminatum
1549 1361 1658 1429 fuerit
1673 1363 1718 1428 ad
1735 1382 1817 1449 pars
1840 1363 1952 1450 ipsius
1968 1366 2172 1432 monasterii

315 1517 352 1579 et
375 1513 537 1599 predicta
559 1533 705 1600 gemma
729 1515 922 1582 secundum
946 1514 1238 1583 consuetudinem
1266 1516 1309 1583 de
1334 1516 1401 1600 ipsi
1426 1516 1524 1583 locis
1551 1517 1927 1604 accommodantem
1952 1519 2019 1606 ipsi
2042 1537 2172 1606 supra-

313 1667 440 1754 scripti
466 1667 629 1734 tridecim
656 1669 756 1746 anni,
782 1671 822 1736 ut
845 1668 968 1736 amodo
992 1687 1029 1736 se
1053 1671 1247 1756 complent,
1274 1672 1358 1738 tunc
1383 1674 1459 1738 tota
1485 1675 1521 1738 et
1546 1673 1672 1740 inclita
1695 1673 1773 1759 ipsa
1795 1678 2040 1762 suprascripta
2064 1683 2169 1746 rebus

315 1824 472 1887 revertas
495 1824 534 1887 at
557 1822 732 1906 potestate
768 1821 918 1906 predicti
944 1825 1152 1888 monasterii
1181 1825 1217 1888 et
1242 1823 1408 1890 iamdicto
1431 1843 1595 1908 gemme,
1633 1824 1837 1891 laciendum
1862 1826 1953 1913 quod
1978 1829 2171 1902 voluerint,

313 1975 356 2040 do
373 1993 444 2061 qua
459 1993 523 2061 per
547 1973 795 2040 convenientia
810 1974 979 2060 guadiam
1004 1976 1093 2040 mibi
1118 1973 1186 2060 ipsi
1201 1993 1322 2042 omnes
1346 1977 1580 2062 suprascripti
1606 1979 1641 2044 et
1664 1977 1908 2064 suprascripta
1931 1977 2116 2058 dederunt,
2135 1987 2170 2048 et

315 2127 546 2195 mediatorem
573 2129 662 2196 mihi
685 2149 749 2216 pro
773 2147 857 2214 pars
892 2129 1002 2214 ipsius
1037 2127 1243 2196 monasterii
1278 2133 1472 2215 posueruut
1495 2150 1531 2196 se
1557 2131 1654 2217 ipsis,
1680 2135 1717 2196 et
1739 2149 1805 2216 per
1844 2135 1920 2218 ipsa
1942 2134 2075 2218 guadia
2098 2141 2166 2206 etc:

315 2283 460 2351 Stotrcta
484 2284 619 2350 riardcta
643 2284 774 2368 ripioti
796 2285 884 2350 cirri
906 2283 1104 2348 solidorum
1126 2283 1522 2350 constantiniouorum.
1548 2287 1680 2351 Tamen
1710 2285 1830 2353 omnia
1853 2292 2096 2377 suprascripta
2119 2315 2174 2360 re-

315 2439 405 2504 tinet
428 2437 501 2523 ipsa
525 2437 685 2524 predicta
708 2437 873 2504 maralda
885 2455 949 2522 per
965 2438 1147 2503 voluntate
1163 2436 1206 2502 de
1223 2437 1407 2504 mundoalt
1422 2439 1490 2506 sui.
1516 2439 1608 2524 quod
1632 2441 1758 2526 scripsi
1774 2461 1839 2528 ego
1857 2447 1978 2529 petrus
1994 2451 2170 2534 presbiter

314 2597 351 2660 ot
374 2593 550 2660 notarius.

1081 2857 1412 2870 m

1156 3087 1336 3167 MCIX

1090 3359 1149 3434 A.
1177 3353 1234 3432 D.
1263 3355 1389 3432 1048

358 3623 385 3714 †
410 3626 447 3690 ln
471 3628 612 3692 nomine
635 3625 772 3692 domini
796 3624 975 3692 tricesimo
1000 3583 1113 3710 primo
1137 3642 1232 3690 anno
1257 3623 1478 3710 principatus
1495 3620 1615 3688 domni
1639 3621 1751 3687 nostri
1775 3621 1970 3706 guaimarii
1994 3621 2173 3706 gloriosus

312 3778 491 3866 princeps
516 3783 553 3846 et
576 3780 713 3847 decimo
738 3799 833 3846 anno
860 3779 1009 3846 ducatus
1033 3778 1109 3844 eius
1134 3779 1255 3846 auialfl
1279 3782 1315 3843 et
1337 3775 1508 3852 sirrenti‚
1534 3777 1570 3841 et
1593 3778 1743 3862 septimo
1767 3795 1861 3844 anno
1885 3777 2170 3864 principatuset

316 3935 471 4018 ipsorum
494 3932 687 4000 ducatuum
714 3929 833 3996 domni
867 3928 988 4016 gisulfi
1011 3927 1134 3994 eximii
1159 3929 1333 4015 principis
1357 3931 1393 3995 et
1416 3929 1514 3996 ducis
1537 3928 1604 3996 illii
1628 3929 1726 4006 eius,
1752 3947 1872 3996 mense
1895 3929 2092 4007 december,
2119 3949 2172 3997 se-

319 4085 435 4152 cunda
458 4085 665 4153 indictione.
691 4083 980 4152 Memoratorium
1005 4085 1137 4150 sactum
1157 4101 1179 4148 a
1195 4102 1251 4148 me
1267 4085 1513 4150 oamfforatum
1530 4083 1706 4170 presbiter
1721 4087 1758 4150 et
1773 4083 1969 4153 cardinalis
1983 4085 2049 4152 fllii
2065 4105 2176 4172 quon-

315 4237 396 4306 dam
422 4239 520 4327 lupu,
546 4258 586 4305 eo
610 4238 703 4326 quod
720 4241 803 4305 ante
828 4236 1009 4324 presentia
1032 4236 1154 4304 domni
1178 4237 1298 4304 allerii
1314 4236 1455 4304 diaconi
1479 4241 1516 4304 et
1539 4239 1817 4324 archipresbiter
1840 4241 1877 4305 et
1899 4241 2008 4306 abbas
2024 4240 2174 4308 ecclesia

315 4395 526 4461 bocabulum
546 4392 662 4460 sancti
687 4391 859 4468 maximi,
886 4389 978 4478 quod
1003 4391 1057 4456 est
1082 4409 1191 4456 unum
1217 4389 1259 4456 de
1284 4389 1479 4456 dominium
1513 4389 1625 4476 ipsius
1648 4390 1821 4468 ecclesie,
1847 4394 1884 4457 et
1906 4392 2025 4478 ivique
2049 4394 2172 4461 adesse

314 4545 450 4614 idoneis
473 4546 674 4614 hominibus
692 4566 756 4633 per
779 4545 971 4631 largietate
988 4544 1099 4630 ipsius
1123 4543 1272 4610 domnus
1299 4543 1449 4610 alferius
1472 4543 1603 4610 tradidi
1628 4543 1800 4610 iohannes
1815 4543 1881 4610 nlii
1898 4545 2075 4630 quondam
2092 4567 2174 4614 con-

313 4701 464 4768 stantini
488 4701 584 4788 greci
618 4719 690 4767 una
714 4700 816 4786 pecie
850 4699 893 4766 de
917 4702 1016 4765 terra
1039 4717 1120 4764 oum
1144 4699 1355 4784 arbustum,
1391 4696 1483 4783 quod
1518 4716 1581 4784 ego
1605 4697 1643 4763 in
1667 4687 1893 4764 ueneficium
1912 4700 2013 4766 teneo
2038 4718 2060 4764 a
2084 4718 2168 4784 pars
2265 4765 2268 4770 .

315 4855 426 4942 ipsius
442 4854 590 4922 ecclesie
614 4857 650 4921 et
673 4853 716 4920 de
740 4856 852 4940 ipsum
871 4855 980 4920 abbas
1004 4853 1042 4919 in
1065 4852 1182 4919 locum
1200 4851 1344 4918 nucerie
1368 4851 1412 4918 ad
1437 4855 1537 4921 turre
1554 4869 1718 4918 mezzana
1734 4851 1897 4918 domnica
1920 4856 1956 4918 et
1971 4852 2170 4939 propinquo

315 5009 466 5077 ecclesia
488 5009 604 5076 saneti
621 5006 785 5074 marcelli
809 5024 873 5092 per
889 5024 928 5071 ec
943 5004 1024 5071 linis
1048 5008 1085 5070 et
1107 5005 1286 5072 mensurie
1303 5026 1310 5071 :
1337 5007 1383 5070 De
1407 5008 1525 5091 capite
1541 5025 1563 5071 a
1579 5009 1681 5092 parte
1696 5009 1961 5092 septemtrionis
1976 5007 2045 5072 line
2060 5006 2172 5093 ipsius

314 5163 465 5231 ecclesia
487 5161 605 5229 sancti
629 5159 794 5236 maximi,
819 5162 903 5226 sunt
923 5159 1005 5226 inde
1027 5161 1120 5245 passi
1146 5161 1295 5236 nobem3
1323 5163 1352 5225 A
1376 5163 1478 5246 parte
1502 5159 1650 5226 orientis
1674 5179 1737 5246 per
1761 5159 1948 5247 longitudo
1977 5164 2060 5226 sunt
2083 5160 2166 5228 inde

315 5315 408 5403 passi
433 5315 585 5402 triginta
618 5317 720 5390 oct03
747 5316 776 5379 A
800 5312 948 5383 meridie
971 5313 1041 5379 fine
1065 5313 1125 5380 bia
1148 5313 1304 5398 publica,
1320 5316 1403 5380 sunt
1426 5313 1508 5380 inde
1543 5314 1638 5400 passi
1661 5317 1739 5382 octo
1771 5318 1808 5381 et
1831 5315 1996 5392 medium3
2022 5336 2044 5381 a
2068 5318 2171 5402 parte

314 5471 506 5540 occidentis
529 5471 598 5538 line
622 5469 733 5556 ipsius
757 5470 918 5543 ecclesie,
936 5470 1019 5534 sunt
1044 5467 1126 5534 inde
1150 5470 1245 5555 passi
1271 5469 1424 5554 triginta
1445 5473 1602 5556 septem,
1627 5471 1664 5536 et
1687 5473 1742 5537 est
1764 5467 1928 5538 exomni
1962 5474 2065 5557 parte
2089 5472 2168 5556 ipsa

316 5631 420 5696 rebus
450 5627 519 5694 ssne
544 5623 654 5710 ipsius
679 5623 828 5691 ecclesie
863 5625 975 5688 toturn
999 5623 1245 5688 mensuratum
1271 5623 1316 5689 ad
1340 5622 1432 5690 iusto
1455 5642 1597 5708 passum
1622 5623 1769 5700 homini;
1794 5643 1835 5690 eo
1859 5642 1942 5690 vero
1979 5625 2084 5690 rebus
2107 5643 2172 5710 per

314 5776 554 5864 suprascripte
577 5776 656 5843 linis
680 5777 716 5842 et
739 5793 923 5842 mensuras
948 5774 1111 5843 inclitum
1136 5772 1218 5860 illut
1241 5775 1348 5863 ipsius
1371 5776 1517 5844 iohanni
1541 5777 1674 5846 tradidi
1698 5779 1764 5846 tali
1789 5779 1953 5857 hordine,
1980 5783 2019 5846 ut
2043 5780 2168 5847 amodo
