5454 7104
1024 497 1485 574 olptonarlets
1765 547 1770 556 ·
2067 506 2110 578 tt

309 713 409 783 sepes
432 699 468 762 et
491 695 593 763 limes
615 694 877 772 discernuntet
900 697 1101 785 peripsam
1125 697 1230 764 tinem
1256 695 1452 764 mensurati
1477 696 1570 781 passi
1595 695 1767 764 ducentos
1791 700 1974 784 quattuor:
2007 718 2030 765 a
2054 703 2160 786 parte

311 847 573 938 septemtrionis
597 849 666 918 fine
690 849 769 939 ipsa
791 850 850 919 via
874 853 911 918 et
933 871 998 939 per
1021 871 1101 920 eam
1125 852 1323 920 mensurati
1341 851 1435 938 passi
1459 851 1653 937 octoginta
1680 853 1725 918 Et
1748 852 1953 920 revolvente
1966 821 2165 924 mensurati

311 1003 348 1071 in
372 1005 450 1092 ipsa
472 1007 574 1092 parte
599 1005 759 1075 meridiei
782 1005 878 1094 passi
901 1005 1136 1093 septuaginta
1162 1009 1351 1094 quattuor3
1379 1008 1423 1072 Et
1446 1005 1651 1073 revolvente
1675 1002 1712 1073 in
1736 1005 1815 1093 ipsa
1839 1009 1942 1093 parte
1966 1007 2162 1078 occidentis

311 1161 405 1248 passi
427 1161 659 1248 septuaginta
682 1161 763 1238 duo;
790 1163 834 1228 Et
857 1161 989 1228 iterum
1013 1161 1221 1230 revolvente
1245 1162 1283 1229 in
1306 1161 1384 1248 ipsa
1406 1165 1507 1248 parte
1524 1162 1685 1229 meridiei
1710 1163 1804 1249 passi
1828 1167 1971 1232 centum
1987 1166 2158 1254 quinque3

312 1317 356 1382 Et
378 1313 508 1382 iterum
533 1317 691 1382 revolvit
713 1315 752 1382 in
774 1314 888 1402 ipsam
911 1317 1053 1402 partem
1079 1315 1272 1384 occidentis
1307 1318 1411 1386 iuxta
1434 1318 1548 1405 ipsam
1576 1317 1769 1385 secundam
1804 1321 1935 1386 sortem
1969 1322 2066 1406 passi
2101 1322 2167 1390 tri·

309 1469 412 1556 ginta
435 1469 602 1557 quinque.
645 1473 690 1538 Et
712 1471 865 1538 revolvit
887 1471 927 1538 in
948 1471 1063 1558 ipsam
1089 1475 1228 1558 partem
1257 1471 1419 1539 meridiei
1443 1491 1532 1558 erga
1556 1471 1670 1557 ipsam
1696 1471 1888 1540 secundam
1911 1476 2041 1541 sortem
2064 1475 2162 1560 passi

308 1625 537 1712 septuaginta
559 1629 703 1712 septem.
729 1629 774 1693 Et
796 1625 945 1694 adiunxi
970 1626 1008 1693 in
1033 1627 1104 1694 ista
1127 1638 1222 1692 sorte
1247 1629 1382 1691 terram
1406 1643 1486 1691 cum
1510 1627 1656 1692 arbusto
1689 1645 1795 1711 super
1830 1625 1943 1712 ipsam
1980 1627 2075 1696 viam
2099 1645 2163 1715 per

309 1777 394 1847 tines
417 1781 454 1846 et
477 1796 674 1846 mensuras:
717 1780 771 1846 Ab
793 1777 873 1864 ipsa
896 1781 999 1864 parte
1023 1777 1218 1846 occidentis
1242 1779 1310 1846 tine
1334 1777 1413 1864 ipsa
1436 1779 1563 1853 terra,
1604 1796 1672 1863 que
1704 1777 1742 1843 in
1767 1775 1844 1863 ipsa
1878 1779 2033 1846 secunda
2066 1784 2161 1849 sorte

307 1931 514 2000 adiunctum
538 1935 615 2008 est,
651 1934 688 1997 et
710 1950 774 2018 per
796 1929 910 2018 ipsam
933 1931 1039 1998 finem
1063 1930 1160 2017 passi
1186 1931 1369 2019 octaginta
1391 1929 1487 2006 du03
1516 1933 1560 1997 Et
1584 1931 1789 1999 revolvente
1814 1931 1851 1999 in
1875 1932 1989 2019 ipsam
2013 1937 2152 2020 partem

307 2084 456 2152 orientis
478 2083 573 2170 passi
595 2086 687 2160 octo;
706 2085 743 2150 et
765 2082 896 2150 iterum
920 2085 1125 2151 revolvente
1148 2085 1187 2150 in
1212 2083 1289 2170 ipsa
1312 2085 1415 2170 perte
1437 2085 1700 2183 septemtrionis
1715 2085 1810 2171 passi
1827 2084 2069 2173 quadraginta
2084 2104 2160 2167 sex;

309 2241 353 2305 Et
377 2240 579 2306 revolvente
603 2239 641 2306 in
664 2239 742 2326 ipsa
766 2241 868 2326 parte
892 2239 1055 2308 meridiei
1079 2240 1173 2327 passi
1197 2239 1440 2326 quadraginta
1464 2241 1664 2326 quattuor;
1702 2242 1746 2306 Et
1782 2241 1985 2308 revolvente
2020 2242 2057 2308 in
2082 2243 2162 2330 ipsa

306 2395 409 2479 parte
430 2391 578 2460 orientis
600 2393 695 2479 passi
721 2391 874 2478 triginta
895 2395 932 2459 ct
957 2411 1073 2469 unus;
1100 2395 1145 2460 Et
1169 2395 1373 2460 revolvente
1398 2393 1435 2462 in
1458 2393 1536 2479 ipsa
1559 2395 1662 2479 parte
1687 2391 1848 2459 meridiei
1873 2393 1967 2479 passi
1991 2395 2145 2482 quadra·

307 2544 411 2632 ginta
434 2549 615 2634 quattuor;
643 2547 687 2612 Et
709 2545 914 2612 revolvente
937 2545 975 2612 iu
999 2545 1077 2632 ipsa
1100 2547 1206 2631 parte
1230 2545 1379 2612 orientis
1402 2545 1497 2631 passi
1522 2547 1665 2611 centum
1690 2544 1856 2624 sedeoim;
1882 2549 1927 2613 Et
1950 2548 2153 2617 revolvente

305 2698 345 2764 ln
367 2699 446 2786 ipsa
468 2717 552 2784 pars
574 2697 768 2766 occidentis
791 2697 887 2785 passi
910 2697 1079 2765 ducentos
1103 2696 1239 2764 decem.
1278 2699 1322 2764 Et
1344 2696 1496 2766 adiunxi
1519 2697 1557 2768 in
1579 2696 1649 2765 ista
1672 2701 1768 2764 sorte
1802 2698 1982 2784 integram
2020 2704 2158 2770 curtem

305 2857 451 2924 illorum
475 2855 519 2922 de
543 2854 618 2940 ipso
641 2853 717 2921 loco
741 2855 950 2940 apusmonte
974 2852 1034 2920 ubi
1058 2871 1217 2937 ponzanu
1241 2851 1384 2928 dicitur,
1411 2837 1517 2938 quam
1543 2851 1674 2917 retinet
1696 2854 1752 2919 leo
1775 2851 1869 2919 tilius
1892 2854 2006 2920 leonis
2028 2856 2166 2941 presbi-

306 3010 382 3078 teri.
407 3011 452 3075 nt
474 3009 583 3076 aliam
607 3007 745 3094 peciam
769 3006 813 3074 de
837 3009 937 3074 terra
960 3025 1040 3072 cum
1065 3009 1210 3073 arbusto
1235 3007 1295 3073 ubi
1323 3006 1368 3073 ad
1392 3006 1548 3091 geminie
1572 3007 1718 3085 dicitur,
1744 3027 1813 3094 que
1836 3027 1859 3076 a
1881 3012 1985 3095 parte
2007 3013 2159 3098 septem·

305 3164 432 3232 trionis
455 3163 500 3230 ad
524 3162 670 3230 fluvium
693 3163 830 3230 saltere
853 3162 1043 3229 coniuncta
1066 3165 1133 3239 est,
1160 3181 1268 3248 quam
1292 3161 1424 3229 retinet
1447 3163 1606 3229 stetanus
1629 3180 1771 3247 grecus.
1798 3165 1842 3228 Et
1857 3159 2005 3232 adiunxi
2028 3163 2066 3233 in
2089 3165 2160 3234 ists

304 3320 399 3387 sorte
423 3317 602 3405 integram
626 3321 762 3384 terram
785 3336 866 3384 curn
891 3306 1035 3384 arbusto
1060 3317 1099 3383 in
1124 3316 1367 3402 suprascripto
1391 3316 1494 3388 loco,
1527 3315 1585 3382 ubi
1610 3316 1656 3384 ad
1679 3315 1834 3402 pedede
1858 3321 1977 3384 monte
2000 3317 2146 3398 dicitnr,

306 3492 412 3562 quam
436 3473 568 3542 retinet
591 3472 709 3541 lando.
735 3474 779 3538 Et
802 3467 909 3539 aliam
933 3471 1072 3558 peciam
1096 3489 1176 3540 cum
1204 3473 1361 3546 arbusto,
1389 3470 1448 3537 uti
1472 3469 1629 3556 geminie
1653 3469 1799 3547 dicitur,
1817 3491 1925 3558 quam
1951 3472 2083 3540 retinet
2097 3491 2157 3561 pe·

309 3631 387 3696 trus
409 3627 503 3696 tilius
526 3627 569 3696 de
592 3625 711 3720 nihile.
737 3629 782 3694 Et
804 3626 913 3693 aliam
937 3591 1084 3712 peciam¹
1099 3643 1183 3691 oum
1208 3625 1355 3690 arbusto
1379 3622 1512 3709 ibique,
1540 3621 1599 3690 ubi
1624 3621 1768 3689 cannito
1791 3621 1948 3702 dicitur,
1974 3643 2082 3711 quam
2106 3645 2163 3693 re-

304 3783 395 3850 tinet
416 3783 492 3870 ipse
514 3777 721 3870 petrus'Et
743 3781 853 3850 aliam
877 3782 1014 3868 peciam
1030 3799 1110 3846 cum
1135 3780 1283 3846 arbusto
1306 3777 1439 3864 itique,
1455 3777 1516 3844 ubi
1539 3776 1718 3863 episcopio
1740 3777 1885 3856 dicitur,
1901 3796 2008 3864 quam
2024 3775 2155 3846 retinet

306 3935 381 4022 ipse
403 3937 538 4022 petrus.
564 3938 608 4002 Et
631 3933 782 4002 adiunxi
805 3934 843 4000 in
867 3932 938 4000 ista
961 3933 1056 3999 sorte
1084 3931 1161 4027 alia
1183 3931 1321 4018 peciola
1344 3930 1464 4019 ibique
1489 3931 1549 3998 ubi
1574 3929 1732 4016 geminie
1754 3929 1907 4008 dicitur,
1933 3949 2002 4018 que
2024 3934 2080 4000 est
2102 3951 2159 4002 ar·

304 4095 404 4160 busto
428 4091 624 4179 propinquo
646 4089 798 4158 ecclesia
820 4089 936 4158 sancti
959 4089 1117 4166 stefani,
1156 4108 1263 4176 quam
1288 4087 1439 4155 retinuit
1461 4087 1555 4155 mari
1579 4087 1674 4156 tilius
1697 4087 1806 4174 petri.
1842 4090 1886 4156 Et
1919 4089 1993 4158 alia
2016 4089 2153 4176 peciola

303 4242 422 4330 ibique
444 4261 524 4310 cum
548 4243 722 4320 arbusto,
748 4261 855 4329 quam
880 4241 1013 4308 retinet
1036 4241 1209 4308 iohannes
1233 4243 1391 4310 buttone.
1418 4243 1462 4308 Et
1485 4242 1561 4308 alia
1583 4241 1722 4327 peciola
1745 4261 1826 4310 cum
1850 4245 1996 4311 arbusto
2019 4244 2155 4332 ibique,

303 4415 409 4485 quam
433 4395 566 4464 retinet
588 4397 760 4464 iohannes
783 4395 876 4462 tilius
899 4395 1137 4483 suprascripti
1160 4395 1326 4463 iohannis
1351 4396 1510 4462 buttone.
1552 4397 1596 4461 Et
1625 4393 1776 4463 adiunxi
1800 4395 1836 4461 in
1861 4397 1931 4464 ista
1964 4400 2060 4465 sorte
2083 4415 2158 4468 una

303 4551 442 4638 peciola
464 4550 507 4617 de
530 4553 630 4617 terra
653 4568 733 4616 cum
758 4551 914 4625 arbusto,
933 4567 1039 4634 quam
1064 4548 1197 4616 retinet
1222 4548 1394 4616 iohannes
1418 4550 1579 4626 buttone,
1605 4548 1666 4636 qui
1690 4547 1823 4616 dicitur
1846 4549 1892 4616 da
1907 4549 1935 4616 li
1952 4549 2154 4620 mutilione.

303 4709 347 4772 nt
366 4706 444 4777 alia
466 4703 567 4791 pecia
589 4723 669 4771 cum
692 4707 837 4772 arbusto
871 4703 1068 4792 propinquo
1100 4703 1216 4772 sancti
1250 4703 1380 4772 stefani
1416 4703 1475 4771 ubi
1499 4723 1660 4790 punzano
1683 4655 1842 4798 dicitur,
1879 4723 1987 4791 quam
2014 4704 2151 4772 retinet

303 4858 566 4944 suprascriptus
588 4856 760 4925 iohannes
785 4859 945 4924 buttone.
978 4857 1023 4922 Et
1045 4854 1196 4922 adiunxi
1221 4856 1259 4923 in
1283 4855 1354 4925 ista
1376 4858 1471 4924 sorte
1494 4857 1687 4925 sortionem
1710 4854 1856 4924 illorum
1880 4857 2049 4926 deterre
2074 4876 2157 4926 cum

302 5016 486 5082 castaneto
510 5015 556 5082 ad
582 5013 700 5092 silice,
718 5032 825 5102 quam
849 5013 982 5080 retinet
1003 5014 1218 5090 laurentius,
1237 5032 1305 5100 que
1328 5016 1380 5079 est
1402 5032 1467 5100 per
1489 5012 1754 5100 longitudinem
1778 5009 1825 5080 da
1847 5012 1907 5081 via
1930 5031 2038 5102 usque
2061 5013 2107 5082 ad
2121 5015 2161 5082 fl-

301 5187 381 5237 nem
405 5169 576 5248 illorum,
613 5166 709 5256 passi
733 5171 888 5236 centum.
915 5169 960 5234 Et
983 5166 1133 5236 adiunxi
1158 5167 1196 5235 in
1219 5167 1287 5236 ista
1310 5169 1404 5235 sorte
1428 5170 1563 5235 terram
1587 5188 1668 5236 oum
1692 5170 1876 5236 castaneto
1911 5171 1948 5235 et
1971 5167 2158 5255 quercieto

304 5324 362 5389 ubi
385 5341 470 5390 casa
492 5325 613 5390 betere
636 5320 768 5388 dicitur
790 5320 828 5388 in
856 5323 931 5388 looo
955 5320 1082 5398 siano,
1114 5338 1221 5408 quam
1246 5320 1378 5388 retinet
1400 5323 1550 5389 cicerus.
1577 5323 1622 5387 Et
1645 5317 1753 5388 aliam
1776 5324 1878 5388 erute
1901 5339 1983 5388 cum
2008 5321 2154 5388 arbusto

301 5477 339 5544 in
363 5477 485 5544 eodem
511 5477 614 5553 loco,
651 5493 757 5562 quam
782 5471 913 5541 retinet
934 5473 1107 5542 iohannes
1133 5474 1279 5543 barrile.
1319 5477 1364 5542 Et
1386 5475 1536 5543 adiunxi
1560 5475 1598 5542 in
1622 5475 1692 5544 ista
1726 5451 1832 5544 sorte
1845 5478 1981 5544 terram
2006 5475 2152 5543 illorum

302 5651 381 5699 cum
406 5634 551 5699 arbusto
583 5629 620 5698 in
643 5632 720 5698 loco
743 5629 909 5708 acerole,
946 5649 1053 5717 quam
1077 5630 1210 5698 retinet
1232 5634 1354 5716 petrus
1378 5631 1485 5698 iudex
1507 5631 1551 5698 de
1575 5627 1729 5698 nucerie.
1766 5631 1811 5698 Et
1833 5627 1982 5697 adiunxi
2016 5627 2055 5696 in
2078 5627 2150 5696 ista

304 5787 398 5853 sorte
422 5787 556 5853 terram
591 5805 670 5854 cum
695 5787 838 5854 arbusto
861 5787 898 5852 in
921 5783 1164 5871 suprascripto
1190 5787 1265 5852 loco
1289 5787 1494 5861 tabellam,
1531 5801 1638 5870 quam
1663 5781 1780 5851 tenuit
1803 5799 2001 5870 sparanm,
2026 5785 2062 5848 et
2085 5781 2159 5850 alia
