5452 7108
604 493 650 596 ss
716 510 723 528 ·
1248 489 1424 619 coust
1457 488 1717 572 cursusrs

552 688 683 758 nostris
707 687 941 756 consortibus.
969 686 1013 753 Et
1029 703 1226 772 congruum
1250 687 1305 751 est
1328 684 1428 752 nobis
1443 683 1604 752 iamdicti
1620 685 1788 754 iohannes
1804 689 1841 751 et
1856 686 1974 752 blacta
1990 685 2080 752 illud
2097 684 2313 752 venumdare
2329 703 2409 772 pre-

551 842 640 910 dicti
663 841 812 909 iohanni
836 844 872 908 ct
895 841 987 908 mele
1011 839 1177 926 germani
1209 839 1274 907 tilii
1298 841 1409 928 ipsius
1432 811 1553 927 ang'eli
1577 840 1699 908 abbati
1726 840 1870 926 integra
1894 839 1971 928 ipsa
1996 841 2100 906 rebus
2134 857 2198 926 per
2222 837 2408 905 iamdictas

547 997 649 1064 fines.
676 999 720 1062 Et
743 995 834 1074 ideo,
859 995 959 1064 sicud
984 995 1084 1064 nobis
1107 1015 1305 1082 congruum
1328 998 1408 1094 est,
1436 997 1669 1094 bonenostre
1694 994 1888 1063 boluntatis
1912 995 2088 1082 perhanc
2112 995 2262 1070 cartam,
2288 1011 2408 1059 coram
2499 1085 2506 1099 ἱ

550 1148 732 1236 presentia
756 1148 931 1216 ademarii
954 1148 1076 1217 comiti
1100 1152 1136 1216 et
1159 1148 1291 1227 iudici,
1318 1148 1610 1217 venumdedimus
1635 1147 1731 1216 bobis
1754 1147 1906 1236 predicti
1928 1147 2093 1234 germani
2118 1147 2262 1232 integra
2284 1164 2409 1233 supra-

551 1303 687 1392 scripta
711 1307 817 1372 rebus
841 1305 993 1392 quedam
1028 1307 1065 1370 et
1088 1298 1261 1392 quantum
1286 1297 1489 1392 quantoque
1514 1302 1613 1372 nobis
1634 1305 1712 1382 est,
1739 1291 1795 1370 vel
1820 1302 1930 1371 luerit
1953 1291 2276 1390 quomodocumque
2300 1300 2410 1386 perti-

552 1459 689 1535 nentes,
707 1456 844 1544 abipso
867 1457 972 1526 liubio
996 1457 1091 1525 lirno
1107 1459 1145 1525 in
1169 1475 1252 1544 pars
1267 1455 1427 1534 orientis
1445 1460 1482 1524 et
1504 1457 1659 1544 qualiter
1676 1456 1838 1524 ascendit
1860 1459 1897 1523 et
1911 1456 2095 1542 coniungit
2118 1457 2155 1524 in
2173 1457 2267 1522 ribus
2291 1455 2403 1532 abbio,

550 1613 587 1678 et
610 1613 656 1678 ab
679 1612 753 1700 ipso
778 1611 875 1680 ribus
899 1611 1001 1698 abbio
1025 1611 1060 1678 in
1084 1630 1168 1699 pars
1193 1612 1339 1679 meridie
1363 1614 1476 1679 totum
1500 1611 1590 1680 illud
1615 1612 1711 1680 bobis
1736 1611 2053 1694 venumdedimus‚
2079 1613 2116 1676 et
2138 1613 2184 1677 ab
2208 1611 2284 1696 ipso
2309 1609 2405 1679 ribus

552 1766 656 1834 abbio
679 1767 717 1833 in
741 1785 825 1854 pars
860 1766 1008 1833 meridie
1033 1767 1168 1834 nullam
1205 1765 1255 1834 ibi
1280 1766 1378 1835 nobis
1403 1765 1598 1846 remansit,
1623 1769 1678 1834 set
1702 1767 1859 1836 tunditus
1882 1765 1965 1834 illut
1988 1767 2086 1834 bobis
2122 1765 2412 1833 venumdedimus

552 1940 633 1991 cum
656 1921 775 1988 omnia
799 1923 895 1990 intro
919 1941 956 1988 se
981 1921 1181 1999 edentibus,
1206 1922 1439 2010 omnibusque
1463 1921 1536 1992 suis
1560 1919 1807 2010 pertinentiiS,
1834 1925 1973 1992 etcum
1999 1923 2074 1990 rice
2112 1922 2155 1990 de
2179 1923 2238 1992 bia
2260 1943 2325 1990 sua
2349 1924 2409 1990 bos

554 2074 705 2166 predicti
728 2074 889 2162 germani
913 2077 949 2142 et
972 2073 1100 2142 vestris
1124 2073 1287 2141 eredibns
1310 2073 1455 2160 integra
1489 2075 1735 2165 suprascripta
1770 2079 1893 2144 nostra
1929 2076 2144 2144 vindictioue
2179 2055 2356 2146 abendum
2379 2081 2415 2142 et

555 2231 755 2300 faciendum
779 2229 874 2307 inde,
900 2229 989 2318 quod
1014 2228 1222 2306 bolneritis;
1247 2230 1283 2294 et
1306 2231 1449 2314 propter
1474 2230 1752 2298 confirmationis
1776 2229 1856 2298 nius
1879 2229 2119 2308 venditioniS,
2145 2230 2285 2317 suscepi
2309 2253 2332 2301 a
2355 2231 2415 2299 bos

557 2382 709 2470 predicti
733 2381 897 2469 germani
921 2381 1002 2449 auri
1026 2381 1098 2449 tari
1122 2381 1202 2449 boni
1225 2380 1417 2468 sexaginta
1450 2384 1621 2468 quattuor
1645 2381 1801 2449 inomni
1823 2381 2102 2460 deliberatione,
2127 2383 2164 2448 et
2191 2401 2255 2468 per
2278 2387 2416 2450 combe-

559 2537 731 2604 nientiam
756 2537 952 2604 secundum
976 2537 1036 2602 lex
1061 2537 1098 2601 et
1121 2534 1335 2602 consuetudo
1369 2517 1490 2621 gentis
1514 2537 1634 2602 nostre
1658 2554 1907 2612 romanorum,
1932 2535 2103 2620 guadiam
2128 2535 2226 2603 bobis
2255 2535 2415 2604 dedimus

551 2699 591 2762 et
612 2693 854 2760 fideiussorem
879 2693 977 2759 bobis
1000 2690 1181 2780 posuimus
1203 2689 1297 2776 griso
1319 2690 1414 2756 iilius
1438 2689 1616 2777 quondam
1639 2689 1783 2777 grisoni,
1810 2695 1846 2757 et
1869 2711 1933 2778 per
1955 2691 2069 2778 ipsam
2096 2691 2267 2778 guadiam
2281 2691 2419 2776 obliga·

558 2851 673 2920 bimus
698 2866 762 2916 nos
785 2843 826 2914 et¹
845 2851 984 2915 nostros
1008 2846 1158 2914 heredes
1181 2864 1322 2931 semper
1345 2843 1535 2912 defendere
1559 2845 1658 2912 bobis
1683 2843 1836 2931 predicti
1857 2844 2022 2929 germani
2045 2847 2082 2910 et
2105 2844 2150 2912 de
2175 2844 2302 2912 vestris
2317 2847 2421 2913 here-

554 3005 658 3073 dibus
682 3003 826 3087 integra
848 2999 1094 3088 suprascripta
1118 3001 1237 3064 vestra
1261 2996 1485 3064 vendictione
1509 2998 1555 3066 da
1578 2999 1695 3066 omnis
1717 2998 1865 3076 omines3
1883 3001 1920 3064 et
1942 2998 2083 3086 quando
2108 2971 2172 3084 per
2189 3001 2249 3066 bos
2272 2999 2358 3086 ipsis
2380 3003 2417 3066 et

555 3158 682 3226 vestris
698 3155 888 3224 heredibus
905 3155 994 3221 illud
1010 3153 1199 3221 defendere
1223 3152 1421 3230 bolneritis,
1446 3153 1657 3239 potestatem
1674 3152 1822 3230 abeatis
1840 3151 1997 3238 qualiter
2012 3151 2197 3220 bolneritis
2212 3173 2293 3220 curn
2309 3157 2420 3222 omni·

557 3313 622 3378 bus
649 3310 904 3378 muniminibus
928 3313 965 3377 et
990 3310 1200 3386 rationibus
1227 3329 1316 3397 quas
1340 3308 1423 3376 inde
1446 3308 1635 3376 ostendere
1659 3307 1867 3386 bolneritis;
1892 3311 1928 3376 et
1950 3309 1993 3388 si,
2018 3308 2117 3376 sicud
2140 3310 2303 3398 superius
2326 3310 2416 3378 scri·

556 3469 656 3552 ptum
680 3443 744 3542 est,
771 3485 833 3532 nos
856 3465 1020 3532 iohannis
1043 3467 1080 3530 et
1104 3465 1224 3530 blacta
1247 3467 1284 3530 et
1307 3463 1437 3530 nostris
1460 3461 1651 3532 heredibus
1674 3465 1773 3532 bobis
1796 3464 1946 3552 predicti
1970 3465 2134 3551 germani
2158 3467 2263 3535 etad
2288 3468 2419 3536 vestris

556 3619 722 3690 eredibus
746 3640 815 3687 non
839 3619 1168 3707 adinpleberimus,
1205 3622 1241 3686 et
1262 3617 1508 3706 suprascripta
1532 3619 1588 3684 vel
1613 3617 1743 3685 exinde
1766 3621 1948 3686 remobere
1979 3620 2049 3686 aud
2072 3619 2318 3688 contradicere
2341 3643 2421 3710 pro·

556 3776 801 3851 senserimus,
828 3793 892 3862 per
915 3773 993 3861 ipsa
1017 3774 1150 3861 guadia
1173 3773 1411 3860 obligabimus
1435 3793 1497 3840 nos
1520 3771 1681 3841 iamdicti
1706 3773 1869 3858 germani
1893 3777 1930 3840 et
1952 3775 2084 3842 nostris
2109 3775 2300 3844 heredibus
2330 3797 2422 3844 com-

557 3949 687 4018 ponere
713 3930 809 3997 bobis
833 3929 1016 4015 germanis
1032 3928 1205 3996 iohannes
1229 3929 1265 3994 et
1288 3927 1378 3993 mele
1401 3927 1505 3993 etad
1532 3926 1659 3994 vestris
1682 3924 1884 4004 heredibus
1903 3927 2165 4015 qninquaginta
2189 3927 2269 3996 auri
2292 3927 2421 4000 solidos

555 4083 823 4158 constantium,
849 4085 896 4160 et,
922 4083 1022 4150 sicud
1044 4080 1208 4169 superius
1231 4080 1403 4167 scriptum
1427 4083 1492 4156 est,
1518 4080 1776 4166 adinpleamus‚
1803 4100 1909 4170 quam
1933 4086 1968 4148 te
1993 4083 2213 4152 romoaldum
2238 4084 2417 4154 notarium

557 4237 714 4304 scribere
739 4237 957 4324 rogabimus·

603 4391 629 4482 †
654 4393 727 4478 Ego
751 4391 813 4478 qui
836 4410 947 4478 snpra
971 4391 1175 4459 ademarius
1199 4387 1319 4456 iudex.

1375 4841 1613 4924 MXCIII

1348 5121 1407 5195 A.
1435 5117 1491 5193 D.
1521 5121 1645 5196 1047

587 5285 633 5378 ¹Js
660 5287 699 5352 ln
722 5287 866 5355 nomine
889 5287 1023 5354 domini
1048 5287 1226 5356 tricesimo
1250 5308 1343 5356 anno
1367 5291 1589 5378 principatus
1612 5292 1733 5362 domni
1759 5295 1871 5364 nostri
1894 5291 2090 5362 Guaimarii
2122 5295 2268 5380 gloriosi
2294 5292 2427 5382 princi-

562 5437 628 5532 pis,
647 5441 683 5505 et
706 5459 798 5510 nono
822 5462 914 5510 anno
945 5443 1097 5510 ducatus
1121 5441 1198 5509 eius
1222 5442 1358 5509 amalfis
1382 5446 1418 5509 et
1432 5443 1608 5522 sirrenti,
1645 5448 1682 5512 et
1704 5449 1805 5514 sexto
1828 5465 1920 5514 anno
1951 5446 2172 5534 principatus
2202 5450 2238 5514 et
2261 5447 2419 5534 ipsorum

547 5594 759 5668 ,ducatuum
794 5596 914 5664 domni
937 5596 1058 5682 gisulfi
1081 5595 1207 5664 eximii
1243 5597 1416 5684 principis
1439 5601 1476 5665 et
1499 5597 1599 5664 ducis
1621 5597 1686 5664 tilii
1710 5598 1798 5676 eius,
1824 5617 1943 5666 mense
1966 5593 2199 5687 septembrio,
2216 5602 2347 5670 octaba
2370 5601 2427 5668 die

564 5748 729 5816 intrante
753 5749 873 5846 prima
898 5749 1104 5820 indictione.
1137 5753 1227 5818 Ante
1252 5769 1306 5817 me
1331 5750 1560 5820 Ademarinm
1585 5749 1749 5818 comitem
1762 5753 1798 5817 et
1813 5750 1964 5818 iudicem
1990 5753 2081 5820 mele
2105 5753 2333 5840 flliusangeli
2348 5771 2430 5841 pre-
