5398 7106
634 514 700 587 192
1266 511 1447 588 CODEX
1484 511 1749 588 cavensis

583 711 630 777 ad
654 710 830 778 abendum
853 709 927 776 illis
952 709 1042 777 illud
1065 706 1100 776 in
1123 710 1367 797 suprascripta
1391 708 1539 787 ratione,
1576 711 1735 797 qualiter
1768 729 1879 797 supra
1901 711 2058 778 diximus
2080 709 2125 777 de
2147 709 2225 797 ipsa
2249 712 2365 778 rebus.
2392 711 2437 776 Et

583 866 817 951 quodcunque
840 864 884 932 de
908 864 994 951 ipsis
1018 867 1123 932 rebus
1147 864 1291 932 exierit.
1309 866 1346 932 et
1369 863 1452 931 inde
1476 866 1603 932 tollere
1626 866 1793 952 potuerit,
1811 869 1875 934 aut
1899 868 1937 932 in
1960 863 2035 951 ipso
2058 863 2273 931 monasterio
2289 859 2433 930 introie-

583 1019 645 1096 rit,
672 1023 785 1086 totum
809 1020 900 1088 illud
923 1021 971 1088 sit
993 1020 1030 1087 in
1054 1023 1229 1108 potestate
1252 1020 1411 1106 ipsorum
1436 1021 1539 1105 pater
1562 1021 1727 1097 elidius,
1753 1019 1799 1086 ad
1823 1019 2019 1104 regendum
2042 1021 2080 1084 91
2101 1017 2374 1103 gubernandum
2391 1018 2430 1084 in

579 1169 657 1256 ipso
680 1170 923 1250 monasterio;
960 1175 1101 1240 tantum
1124 1173 1155 1240 si
1180 1175 1290 1241 191919
1314 1191 1460 1240 causam
1499 1174 1638 1261 inipso
1662 1171 1877 1240 monasterio
1900 1169 2081 1238 introierit
2120 1173 2159 1238 ut
2181 1175 2429 1239 ornamentum

578 1323 690 1393 fuerit
712 1325 756 1392 de
779 1325 855 1412 ipso
879 1327 1107 1403 monasterio,
1133 1345 1274 1414 semper
1297 1327 1394 1393 siant
1416 1327 1460 1394 de
1484 1327 1558 1414 ipso
1583 1328 1823 1405 monasterio,
1864 1331 1901 1393 et
1924 1329 2056 1395 abeant
2077 1327 2153 1394 illis
2176 1316 2266 1395 illud
2304 1329 2350 1396 ad
2379 1348 2435 1396 re-

579 1478 737 1564 gendum
761 1483 797 1546 et
820 1482 1092 1565 gubernandum
1116 1479 1153 1548 19
1177 1481 1252 1568 1999
1277 1481 1519 1556 monasterio,
1560 1484 1716 1568 qualiter
1739 1485 1776 1549 et
1798 1483 1874 1568 1999
1898 1481 2001 1549 aliut.
2042 1484 2192 1550 'lantum
2223 1439 2433 1568 potestatem

580 1637 711 1702 abeant
733 1656 799 1722 ego
825 1637 882 1702 991
904 1656 988 1723 pars
1012 1637 1163 1722 predicti
1186 1637 1337 1704 ecclesie
1369 1637 1408 1704 in
1433 1638 1507 1723 ipse
1532 1638 1639 1704 terris
1663 1637 1925 1724 pertinentibus
1962 1637 2076 1704 eidem
2113 1637 2328 1704 monasterio
2368 1638 2429 1705 991

582 1791 798 1859 boluerimus
821 1793 916 1859 iusta
940 1793 1114 1859 rationem
1141 1811 1249 1860 unum
1274 1795 1415 1878 parium
1440 1793 1483 1858 de
1508 1792 1588 1862 9991
1613 1793 1663 1859 191
1686 1791 1883 1867 ordinare,
1923 1797 2096 1878 quantum
2120 1792 2195 1878 ipso
2219 1794 2349 1859 bonum
2372 1811 2435 1878 pa·

583 1945 676 2012 rium
701 1945 744 2011 de
770 1945 848 2013 bobi
872 1945 1057 2013 circoitum
1082 1945 1169 2012 anni
1192 1947 1359 2013 laborare
1382 1945 1541 2031 potuerit
1563 1945 1606 2010 de
1630 1946 1705 2031 1999
1730 1945 1865 2020 terris,
1906 1944 1942 2010 91
1965 1947 2139 2031 quantum
2179 1945 2311 2012 hictum
2349 1945 2432 2012 inde

581 2100 714 2167 exierit
736 2100 779 2167 de
805 2103 878 2187 ipse
902 2101 1021 2176 terris,
1046 2102 1138 2188 quod
1163 2101 1237 2187 1999
1261 2104 1363 2186 pario
1387 2100 1431 2167 99
1457 2099 1537 2167 9991
1561 2055 1794 2176 laboraberit,
1814 2070 1925 2167 totum
1949 2100 2042 2167 illud
2069 2100 2167 2168 99919
2191 2102 2393 2168 abeamusl
2416 2137 2430 2148 -

582 2255 744 2322 ciendum
769 2255 878 2332 inde,
917 2256 1007 2342 quod
1033 2255 1262 2330 boluerimus3
1289 2258 1429 2322 tantum
1454 2256 1578 2323 919999
1604 2257 1675 2324 9119
1700 2257 1844 2325 illorum
1869 2276 1933 2342 per
1955 2256 2070 2322 omnis
2108 2274 2241 2322 annum
2265 2255 2339 2322 illis
2362 2255 2431 2341 ipsi

581 2412 685 2495 pater
708 2413 744 2476 et
767 2409 860 2476 91199
885 2405 1018 2501 notrire
1042 2409 1142 2477 nobis
1166 2429 1274 2476 unum
1302 2410 1513 2486 busuleum,
1540 2411 1600 2496 qui
1624 2411 1692 2497 ipsi
1718 2411 1796 2478 9991
1822 2413 1920 2477 19991
1943 2413 1980 2476 91
2005 2430 2114 2476 unum
2138 2415 2342 2495 pastorem,
2369 2411 2433 2496 qui

584 2583 668 2650 pars
691 2564 848 2651 predicte
870 2564 1018 2632 ecclesie
1041 2563 1091 2630 191
1114 2563 1291 2631 direxerit
1314 2564 1360 2630 ad
1384 2563 1498 2630 omnis
1522 2563 1664 2631 illorum
1689 2563 1903 2650 expendium
1927 2565 2022 2629 iusta
2038 2563 2225 2640 rationem,
2242 2563 2336 2630 sicut
2360 2582 2434 2630 me·
2467 2627 2470 2632 .

583 2717 710 2784 ruerit.
736 2689 781 2784 Et
804 2718 928 2786 amodo
951 2721 988 2784 91
1010 2718 1134 2785 919999
1158 2719 1230 2784 9119
1254 2717 1411 2804 ipsorum
1436 2721 1543 2802 pater
1567 2723 1604 2784 91
1624 2719 1721 2787 111199
1745 2720 1944 2807 peremnis
1967 2739 2102 2786 annum
2118 2719 2228 2786 deant
2252 2717 2432 2807 1111911999

581 2873 717 2958 michi,
757 2876 814 2939 vel
838 2874 883 2940 ad
907 2893 991 2960 pars
1015 2869 1172 2959 predicte
1195 2871 1343 2938 99919919
1367 2889 1511 2938 censum
1549 2891 1657 2938 unum
1684 2892 1830 2960 porcum
1854 2876 2011 2948 bonum,
2052 2873 2088 2938 et
2112 2891 2183 2938 una
2206 2867 2362 2938 lancella
2385 2871 2430 2937 de

580 3031 671 3096 mele
696 3031 733 3099 in
758 3031 930 3098 natibitas
953 3030 1098 3106 domini,
1124 3029 1221 3097 etin
1246 3048 1353 3116 pasca
1376 3029 1638 3097 resurrectione
1661 3001 1795 3098 domini
1818 3029 1927 3097 deant
1948 3028 2023 3095 illis
2048 3029 2167 3104 michi,
2195 3029 2252 3094 vel
2276 3028 2322 3096 ad
2346 3047 2433 3115 pars

581 3183 740 3273 predicte
764 3183 940 3260 ecclesie,
976 3202 1040 3270 per
1064 3182 1177 3249 omnis
1200 3201 1335 3250 annum
1359 3180 1482 3250 diebus
1507 3181 1578 3250 bite
1603 3185 1747 3252 illorum
1772 3204 1881 3252 unum
1905 3203 2072 3271 pecorum
2094 3187 2131 3251 et
2154 3203 2227 3252 una
2250 3186 2365 3252 forma
2390 3184 2434 3250 99

580 3357 665 3406 cera
690 3341 830 3414 bonum,
855 3336 950 3405 sicut
975 3337 1158 3404 meruerit:
1182 3335 1228 3403 ad
1252 3335 1387 3404 obitum
1412 3337 1565 3422 predicti
1589 3339 1719 3407 nicolai
1743 3339 1932 3426 presbiteri
1956 3340 2064 3407 deant
2092 3341 2167 3426 ipse
2192 3341 2247 3407 leo
2271 3339 2433 3406 filiosuo

579 3492 688 3560 miehi
712 3494 769 3559 vel
792 3493 837 3561 ad
861 3511 944 3579 pars
967 3492 1123 3580 predicte
1147 3493 1294 3561 ecclesie
1317 3513 1462 3560 consum
1485 3493 1529 3560 99
1544 3495 1790 3581 suprascripta
1813 3495 2038 3571 tradictione,
2055 3495 2087 3562 si
2112 3494 2329 3562 illis‘diebus
2353 3493 2430 3578 ipse

582 3649 636 3716 leo
661 3647 762 3716 bibus
785 3649 907 3727 suerit,
931 3648 1143 3735 octuaginta
1166 3649 1247 3718 auri
1272 3651 1342 3718 tari
1369 3649 1462 3727 boni,
1491 3653 1529 3717 ut
1552 3669 1616 3737 per
1639 3653 1748 3736 99991
1773 3651 1932 3725 999991,
1961 3652 1998 3716 91
2022 3653 2154 3718 abeant
2177 3649 2252 3736 ipse
2274 3653 2330 3717 leo
2354 3651 2435 3736 ipsa

580 3803 795 3872 tradictione
819 3803 855 3870 in
878 3795 976 3872 omni
998 3804 1123 3873 ordine
1146 3807 1183 3871 91
1208 3805 1347 3872 ratione
1371 3804 1495 3872 diebus
1520 3804 1593 3871 bite
1616 3823 1691 3881 999,
1709 3805 1802 3872 91991
1824 3823 1935 3890 supra
1959 3803 2131 3888 scriptum
2155 3807 2221 3870 991.
2249 3807 2294 3870 Et
2316 3803 2361 3871 ad
2377 3803 2435 3870 die

578 3976 659 4026 vero
682 3957 770 4025 obiti
794 3957 945 4043 predicti
968 3957 1075 4034 leoni,
1093 3957 1123 4025 91
1148 3957 1362 4036 remanserit
1384 3961 1463 4044 post
1477 3959 1610 4025 obitum
1628 3957 1738 4044 ipsius
1761 3955 1915 4042 genitori
1939 3975 2002 4024 999
2018 3955 2161 4042 integra
2180 3955 2431 4043 suprascripta

580 4111 794 4179 tradictione
819 4115 910 4180 bona
932 4111 1046 4188 99199,
1070 4113 1166 4179 91991
1189 4111 1374 4188 meruerit,
1400 4131 1481 4180 cum
1508 4111 1653 4197 integra
1676 4111 1754 4198 ipsa
1777 4130 1886 4178 causa
1911 4111 2068 4186 mobilia,
2089 4111 2183 4196 etsi
2207 4113 2319 4178 talem
2350 4130 2433 4178 oau-

579 4285 656 4335 sam
682 4266 820 4354 inipso
844 4268 1060 4335 monasterio
1084 4265 1290 4343 introierit,
1318 4269 1357 4333 ut
1379 4271 1629 4336 ornamentum
1654 4267 1765 4335 suerit
1788 4267 1831 4334 de
1855 4268 1929 4354 1999
1954 4266 2197 4344 monasterio,
2238 4267 2350 4332 totum
2375 4267 2435 4332 bo-

579 4441 677 4499 num,
702 4422 796 4489 sicut
817 4422 1016 4498 meruerit,
1058 4421 1250 4488 remictant
1273 4421 1348 4488 illis
1371 4422 1428 4487 vel
1451 4421 1595 4488 iliorum
1620 4421 1811 4489 heredibus
1834 4422 1879 4488 ad
1903 4440 1983 4488 mea
2006 4421 2062 4486 991
2085 4439 2169 4506 pars
2193 4419 2353 4506 predicte
2378 4437 2435 4486 ec·

579 4575 685 4643 clesie
708 4575 893 4663 potestatis
918 4575 1117 4642 iaciendum
1142 4575 1253 4652 inde,
1279 4575 1372 4663 quod
1396 4575 1642 4652 boluerimus;
1668 4578 1706 4643 et
1730 4575 1845 4644 licead
1868 4575 1991 4643 eredes
2013 4595 2095 4643 suos
2119 4576 2201 4644 inde
2225 4576 2326 4643 exire
2350 4595 2433 4644 cum

575 4729 692 4796 omnis
717 4729 861 4798 illorum
884 4750 994 4798 99999
1017 4730 1176 4799 mobilia.
1202 4729 1292 4797 etsi
1314 4731 1390 4817 1999
1414 4731 1470 4796 199
1494 4733 1579 4798 9919
1603 4729 1720 4817 ipsum
1743 4729 1943 4816 genitorem
1967 4749 2071 4798 suum
2094 4731 2284 4798 defunctus
2308 4732 2431 4808 luerit,

582 4885 655 4972 ipse
679 4886 796 4953 nicola
819 4884 1011 4952 remiciant
1034 4885 1133 4953 99919
1157 4885 1302 4970 integra
1325 4886 1403 4971 ipsa
1427 4887 1641 4954 tradictione
1665 4886 1710 4953 99
1734 4885 1792 4952 919
1815 4885 1920 4952 991119
1943 4885 2011 4962 991,
2029 4885 2123 4952 91991
2146 4883 2432 4971 suprascriptum

580 5043 648 5116 est3
674 5039 849 5109 91119999
872 5039 995 5107 eredes
1018 5057 1100 5106 suos
1124 5037 1207 5106 inde
1230 5039 1332 5106 exire
1356 5059 1435 5106 cum
1461 5041 1575 5107 omnis
1599 5041 1744 5108 illorum
1768 5059 1877 5108 causa
1900 5039 2059 5107 mobilia.
2086 5042 2237 5107 'lantum
2261 5041 2434 5127 quattuor

579 5193 672 5262 casis
695 5195 738 5261 de
761 5193 917 5271 ominis,
943 5193 1005 5281 qui
1029 5195 1067 5262 in
1091 5195 1176 5281 ipsis
1201 5198 1306 5262 rebus
1329 5194 1465 5262 endicti
1490 5194 1698 5262 monasterii
1722 5193 1909 5271 residunt,
1947 5195 1997 5261 ad
2016 5213 2096 5261 mea
2120 5194 2177 5260 991
2211 5193 2258 5261 99
2293 5196 2434 5281 partem

580 5348 738 5436 predicte
762 5349 909 5416 ecclesie
931 5351 1053 5416 sancte
1069 5349 1151 5416 99119
1167 5349 1256 5419 11199
1281 5351 1423 5416 rescrbo
1447 5349 1652 5434 potestatis,
1678 5367 1758 5416 cum
1782 5349 1926 5434 integra
1950 5349 2139 5433 rebusque
2164 5347 2266 5414 modo
2289 5347 2332 5414 99
2357 5347 2433 5432 1999

578 5505 882 5606 [99999199191991
906 5507 1040 5574 omines
1064 5507 1238 5580 retinunt,
1256 5509 1294 5572 et
1315 5507 1454 5573 nullam
1481 5505 1656 5572 rationem
1681 5503 1762 5571 iude
1786 5504 1853 5590 ipsi
1877 5505 2012 5570 omines
2029 5503 2174 5570 retdant
2189 5501 2233 5568 ad
2251 5519 2335 5588 pars
2351 5519 2431 5588 pre-

579 5660 665 5728 dicti
690 5659 908 5738 monasterii‚
927 5663 964 5727 et
987 5661 1160 5748 quantum
1186 5658 1306 5726 binum
1332 5658 1444 5734 nobis,
1461 5659 1520 5724 vel
1545 5659 1590 5726 99
1615 5663 1755 5745 partem
1779 5658 1937 5746 predicte
1954 5657 2102 5726 ecclesie
2119 5675 2301 5726 necessum
2325 5653 2435 5724 suerit

581 5833 643 5900 pro
666 5813 898 5882 conciandum
922 5816 958 5882 et
982 5813 1261 5898 recolligendum
1285 5813 1351 5901 ipsi
1374 5813 1489 5881 labori
1513 5811 1574 5901 qui
1598 5812 1674 5898 ipso
1690 5811 1791 5899 pario
1813 5812 1857 5879 de
1882 5811 1960 5880 9991
1984 5811 2435 5899 1999999999199199199
