5454 7104
618 479 697 590 roo¹
1263 477 1442 554 coorx
1475 479 1742 556 cinensis·

564 675 608 742 de
632 675 709 742 loco
733 675 874 749 selecta,
901 691 1011 760 quam
1035 672 1168 740 retinet
1190 675 1316 742 taurus
1339 675 1433 743 filius
1457 676 1576 754 alferi,
1591 697 1659 766 que
1683 698 1705 746 a
1728 681 1829 765 parte
1853 676 2014 746 meridiei
2038 676 2083 744 ad
2107 679 2202 744 viam
2224 679 2414 748 coniuncta

572 833 639 896 est.
666 829 710 894 Et
734 831 869 894 terram
893 845 974 894 cum
998 829 1103 895 vinea
1125 830 1162 896 et
1184 829 1331 896 arbusto
1355 829 1398 897 de
1422 831 1544 898 eodem
1569 830 1672 908 loco,
1699 851 1805 918 quam
1830 831 1987 899 retinent
2009 831 2116 902 lando
2139 833 2233 900 filius
2255 831 2419 901 landonis

567 987 604 1052 et
626 982 780 1052 deodede
801 984 896 1055 filius
920 983 1099 1062 madelmi,
1114 1005 1182 1072 que
1206 1005 1228 1052 a
1254 989 1358 1074 parte
1373 986 1536 1054 meridiei
1560 991 1597 1054 et
1620 1006 1642 1054 a
1666 991 1769 1074 parte
1792 987 2054 1074 septemtrionis
2077 987 2123 1054 ad
2139 989 2215 1055 vias
2229 988 2420 1056 coniuncta

562 1141 631 1206 est.
659 1139 703 1204 nt
727 1140 862 1205 terram
885 1157 966 1206 cum
991 1139 1097 1207 vinea
1120 1143 1157 1208 et
1180 1140 1366 1208 arboribus
1389 1141 1432 1207 de
1456 1142 1533 1208 loeo
1557 1143 1776 1230 propiciam,
1803 1141 1863 1210 ubi
1887 1145 2038 1209 centura
2062 1141 2205 1220 dicitur,
2235 1161 2340 1229 quam
2366 1161 2421 1212 re-

565 1291 657 1358 tinet
679 1290 858 1360 landolfus
880 1292 975 1359 filius
999 1295 1105 1379 petri,
1133 1293 1195 1380 qui
1218 1294 1333 1362 dictus
1358 1297 1413 1361 est
1436 1295 1542 1361 serre.
1571 1297 1623 1362 Ex
1648 1297 1713 1362 hoc
1737 1297 1810 1364 toto
1833 1295 1901 1362 leci
1924 1313 2000 1361 esse
2025 1295 2168 1362 tertiam
2192 1299 2322 1362 sortem
2339 1315 2418 1364 cum

563 1446 640 1512 vice
663 1446 706 1513 de
732 1447 797 1514 viis
820 1443 892 1516 suis
915 1448 1168 1536 suprascriptis
1194 1448 1384 1516 mensuriis
1410 1449 1511 1515 iurto
1536 1468 1640 1534 passu
1665 1449 1818 1514 bomin-is
1843 1449 2067 1516 mensuratis.
2094 1451 2178 1517 Cum
2195 1454 2315 1516 autem
2340 1453 2418 1537 ipsa

562 1601 698 1686 scripta
722 1602 816 1668 lecta
840 1602 1010 1680 suerunt,
1045 1604 1180 1690 primus
1204 1603 1279 1690 ipse
1301 1604 1482 1690 paldolfus
1507 1604 1770 1690 comprehensit
1792 1605 2073 1690 suprascriptam
2097 1605 2249 1690 primam
2272 1609 2415 1676 sortem,

564 1755 723 1842 qualiter
745 1757 908 1844 superius
932 1759 1028 1826 sacta
1051 1763 1127 1835 est,
1153 1779 1233 1825 cum
1258 1760 1418 1826 omnibus
1458 1778 1525 1845 quc
1549 1759 1647 1826 intra
1671 1777 1749 1824 eam
1773 1762 1881 1824 sunt.
1907 1759 2114 1845 cunctisque
2138 1759 2214 1826 eius
2233 1761 2419 1846 pertinen-

565 1908 639 1985 tiis,
665 1909 710 1976 ad
735 1909 935 1977 faciendum
959 1910 1002 1976 de
1026 1929 1069 1978 ea
1092 1911 1154 1978 ille
1177 1915 1213 1978 et
1236 1912 1312 1980 eius
1336 1913 1497 1988 heredes,
1517 1913 1609 1998 quod
1634 1912 1824 1978 voluerint.
1850 1911 2030 1978 Secundus
2054 1912 2128 1998 ipse
2144 1913 2292 1980 domnus
2308 1913 2416 1999 guido

562 2066 826 2152 comprehensit
848 2066 960 2152 ipsam
985 2067 1175 2136 secundam
1200 2071 1343 2144 sortem,
1365 2067 1525 2154 qualiter
1548 2066 1712 2152 superius
1736 2071 1831 2134 sacta
1854 2069 1917 2140 est,
1938 2086 2017 2134 cum
2042 2068 2216 2144 omnibus,
2235 2086 2302 2156 que
2319 2068 2416 2136 intra

568 2235 646 2286 eam
671 2222 765 2296 sunt,
791 2220 998 2308 cunctisque
1021 2220 1098 2287 eius
1121 2205 1430 2306 pertinentiis‚'ad
1453 2219 1654 2288 laciendum
1677 2221 1720 2288 de
1744 2239 1786 2287 ea
1810 2220 1872 2288 ille
1896 2223 2032 2288 eteius
2056 2221 2220 2298 heredes,
2241 2220 2333 2308 quod
2360 2243 2418 2288 vo·

563 2371 708 2438 luerint.
733 2373 871 2440 Tertius
895 2373 970 2459 ipse
987 2373 1135 2440 domnus
1158 2373 1380 2458 guaimarius
1396 2374 1563 2461 princeps
1586 2377 1622 2440 et
1646 2375 1719 2442 dur
1758 2394 1838 2442 cum
1845 2426 1910 2442 .....
1953 2376 2065 2462 ipsam
2090 2375 2234 2443 tertiam
2256 2377 2415 2451 sortem,

562 2529 717 2615 qualiter
739 2528 903 2616 superius
926 2529 1022 2596 facta
1045 2532 1111 2603 est,
1137 2548 1217 2595 cum
1241 2529 1403 2596 omnibus
1427 2547 1495 2615 que
1519 2527 1616 2596 intra
1639 2547 1719 2595 eam
1741 2532 1836 2605 sunt,
1855 2528 2061 2614 cunctisque
2084 2528 2161 2595 eius
2180 2528 2415 2614 pertinentiis,

560 2684 606 2752 ad
630 2683 831 2752 faciendum
855 2684 897 2750 de
921 2703 963 2752 ea
980 2684 1041 2750 ille
1065 2690 1101 2753 et
1123 2684 1200 2752 eius
1215 2684 1376 2762 heredes
1394 2683 1486 2770 quod
1512 2683 1703 2750 voluerint.
1730 2686 1774 2748 Et
1790 2701 1854 2768 per
1870 2682 2156 2748 convenientiam
2180 2686 2217 2748 et
2232 2681 2418 2752 iussionem

561 2835 674 2923 ipsius
697 2837 817 2904 domni
834 2837 1063 2924 principis...
1091 2839 1167 2926 ipse
1183 2840 1363 2907 mascinus
1378 2839 1514 2926 guadia
1537 2840 1605 2924 ipsi
1629 2839 1787 2925 paldulso
1811 2837 1920 2914 dedit,
1953 2857 2016 2923 pro
2040 2843 2142 2924 parte
2167 2839 2276 2926 ipsius
2299 2837 2418 2907 domni

562 2992 736 3078 principis
758 2995 795 3060 et
812 2989 929 3070 ducis,
948 2997 985 3060 et
1007 2993 1248 3062 fideiussorem
1272 2993 1306 3060 ei
1321 2992 1438 3080 posuit
1461 2992 1652 3059 iohannem
1676 2991 1839 3058 comitem
1866 2992 1982 3058 fllium
2008 2991 2186 3078 quondam
2225 2983 2418 3078 guaimarii

560 3145 714 3214 comitis.
742 3148 786 3212 Et
808 3148 881 3233 ipse
904 3147 1054 3214 domnus
1077 3147 1186 3231 guido
1209 3147 1344 3232 guadia
1367 3147 1435 3233 ipsi
1458 3146 1619 3234 paldulso
1642 3146 1740 3214 dedit
1762 3149 1799 3212 et
1822 3145 2064 3213 fideiussorem
2088 3147 2122 3214 ci
2146 3148 2263 3232 posuit
2285 3151 2420 3216 atenol-

562 3301 635 3368 fum
654 3300 769 3368 tilium
792 3301 970 3388 quondam
995 3300 1108 3368 aliani
1132 3299 1282 3366 comitis
1309 3303 1354 3366 Et
1376 3319 1441 3387 per
1464 3304 1561 3388 ipsas
1584 3302 1733 3387 guadias
1756 3301 1824 3388 ipsi
1847 3302 1996 3369 domnus
2020 3302 2184 3390 princeps
2207 3305 2244 3369 et
2266 3303 2364 3382 dux,
2382 3311 2418 3372 et

560 3453 710 3522 domnus
735 3453 843 3539 guido
856 3454 1111 3539 obligauerunt
1133 3473 1183 3530 se,
1198 3457 1234 3521 ot
1256 3473 1337 3522 suos
1353 3453 1502 3522 heredes
1525 3473 1665 3540 semper
1680 3473 1891 3540 permanere
1907 3473 1987 3521 cum
2004 3455 2080 3542 ipso
2096 3455 2272 3542 paldullo,
2286 3460 2323 3524 et
2337 3476 2417 3526 eum

562 3607 656 3674 illius
681 3607 870 3676 heredibus
893 3609 931 3674 in
947 3609 1191 3694 suprascripta
1206 3608 1392 3684 divisione,
1420 3607 1692 3695 quemamodum
1708 3608 1871 3694 superius
1887 3609 2033 3695 legitur.
2060 3611 2149 3677 Etsi
2172 3612 2206 3677 in
2222 3613 2417 3698 suprascri-

562 3767 622 3848 pta
637 3763 821 3836 divisione,
840 3761 1111 3847 quemamodum
1128 3761 1290 3848 superins
1304 3763 1477 3848 scriptum
1501 3765 1567 3839 est,
1593 3761 1661 3848 ipsi
1684 3762 1833 3829 domnus
1857 3761 2022 3850 princeps
2045 3767 2081 3830 et
2108 3764 2194 3840 dux,
2212 3769 2249 3832 ot
2271 3767 2417 3836 domnus

560 3917 669 4001 guido
693 3919 729 3984 et
752 3917 899 3985 illorum
924 3917 1073 3985 heredes
1097 3938 1176 3986 cum
1200 3919 1276 4006 ipso
1291 3921 1478 4006 paldulto,
1504 3927 1540 3990 et
1563 3942 1643 3990 cum
1667 3923 1767 3991 illius
1790 3925 2006 4003 heredibus,
2032 3945 2105 3994 non
2128 3927 2415 4013 permanserint,

562 4073 599 4135 et
622 4069 886 4156 suprascripta,¹
912 4071 968 4137 vel
994 4091 1039 4136 ex
1063 4073 1113 4138 eis
1137 4072 1326 4159 quicquam
1353 4093 1534 4143 removere
1558 4081 1621 4144 aut
1644 4078 1888 4146 contradicere
1912 4081 2209 4166 presumpserint,
2235 4099 2300 4167 per
2323 4081 2417 4168 ipsas

564 4221 715 4306 guadias
737 4222 991 4308 obligaverunt
1012 4241 1050 4290 se
1073 4226 1110 4290 et
1132 4242 1213 4292 suos
1244 4226 1391 4294 heredes
1417 4248 1626 4315 componere
1650 4231 1717 4316 ipsi
1740 4233 1898 4317 paldulfo
1922 4237 1959 4301 et
1982 4235 2083 4303 illius
2106 4236 2297 4304 heredibus
2321 4237 2418 4304 mille

564 4375 645 4442 auri
669 4375 798 4444 solidos
820 4377 1140 4454 constantinianos,
1166 4381 1203 4444 et
1225 4379 1262 4446 in
1286 4383 1532 4469 suprascripta
1555 4383 1750 4464 divisione,
1776 4343 2049 4474 quemamodum
2075 4390 2239 4478 superius
2262 4391 2415 4478 legitur,

563 4547 785 4615 permanere.
810 4532 854 4598 Et
876 4532 1000 4600 taliter
1024 4537 1059 4599 te
1076 4534 1295 4602 romoaldum
1320 4537 1513 4614 notarium,
1539 4539 1600 4626 qui
1624 4538 1833 4616 interfuisti,
1857 4543 2013 4610 scrivere
2038 4545 2192 4630 precepi.

609 4681 636 4772 †
660 4683 732 4770 l'go
757 4687 816 4771 qui
838 4703 947 4772 supra
971 4685 1141 4754 iohannes
1166 4689 1287 4755 ludex.

1351 5141 1613 5222 MCXVII

1340 5353 1399 5428 A.
1427 5352 1484 5429 D.
1514 5351 1638 5429 1049

612 5577 639 5668 †
665 5581 703 5647 ln
727 5579 869 5648 nomine
893 5581 1038 5674 domini,
1063 5584 1252 5653 ‘tricesimo
1276 5587 1390 5674 primo
1413 5605 1507 5664 anno
1525 5588 1753 5676 principatus
1776 5587 1896 5656 domni
1920 5591 2032 5660 nostri
2056 5593 2250 5680 guaimarii
2273 5594 2419 5680 gloriosi

573 5732 759 5820 principis,
786 5737 830 5802 Et
853 5733 1039 5829 undecimo
1064 5756 1157 5806 anno
1179 5739 1327 5809 ducatus
1351 5741 1427 5810 eius
1452 5743 1608 5821 Amaltls,
1635 5745 1679 5810 Et
1702 5745 1836 5813 decimo
1860 5765 1953 5815 anno
1977 5747 2127 5817 ducatus
2143 5750 2238 5818 illius
2260 5751 2417 5826 sinenti,
