5452 7108
1042 571 1447 652 htv-tontrlcus
1749 572 1760 590 ’
2079 579 2123 651 ³5

309 771 434 840 nitatis
457 769 642 839 licentiam
666 773 823 839 habeant
846 771 884 838 in
908 771 1128 858 praedictam
1152 771 1351 851 ecclesiam,
1377 793 1485 860 quam
1509 793 1531 840 a
1554 792 1643 840 novo
1666 769 1875 840 fundamine
1898 771 2100 840 construxit
2119 792 2176 840 or-

309 923 436 992 dinare
461 923 705 1011 presbiteros,
731 924 908 1016 clericos,
936 942 999 992 seu
1023 927 1212 992 monachos
1236 925 1356 1015 ibique
1380 923 1570 994 canonicas
1593 927 1700 994 horas
1723 925 1917 992 secundum
1940 923 2176 993 christianam
2287 1008 2292 1017 Ι

311 1077 541 1147 traditionem
564 1083 670 1147 nocte
694 1080 822 1168 dieque
846 1101 988 1158 canere,
1007 1082 1147 1170 pulsum
1172 1102 1233 1151 seu
1248 1103 1459 1171 campanam
1482 1105 1622 1155 sonare.
1648 1090 1693 1156 st
1705 1107 1944 1176 quoscumque
1959 1087 2174 1176 presbiteros

314 1233 547 1312 autclericos‚
562 1234 636 1301 sive
649 1235 839 1302 monachos
853 1235 983 1302 ibidem
992 1237 1254 1317 ordinaverint,
1269 1241 1371 1308 nulla
1386 1241 1433 1308 sit
1445 1241 1553 1308 michi
1569 1241 1764 1320 licentiam,
1775 1261 1841 1309 neo
1854 1242 1900 1309 ad
1910 1259 2004 1309 meos
2016 1243 2174 1328 posteros

312 1389 393 1459 illos
416 1391 739 1467 excommunicare,
764 1392 828 1457 aut
850 1407 897 1456 ex
921 1390 1042 1458 eadem
1066 1393 1256 1461 aeclesiam
1280 1395 1420 1462 deicere
1442 1396 1520 1464 sino
1543 1399 1644 1464 certa
1666 1399 1703 1463 et
1726 1396 1878 1483 probata
1900 1395 2030 1479 culpa,
2056 1395 2097 1459 ut
2120 1411 2177 1460 ec-

313 1543 533 1612 clesiasticus
556 1561 630 1610 mos
653 1543 824 1612 continet.
851 1539 896 1611 Et
919 1544 1186 1631 qualiscumque
1210 1547 1362 1624 oblatio,
1388 1549 1445 1614 vel
1467 1548 1510 1614 de
1534 1551 1654 1614 votum
1678 1566 1806 1615 munus
1830 1547 1869 1614 in
1892 1545 2042 1614 eandem
2065 1545 2178 1610 eccle-

312 1698 403 1766 siam
426 1698 629 1776 intraverit,
648 1699 686 1766 in
702 1717 769 1767 sua
791 1719 1005 1788 suorumque
1028 1702 1208 1786 posterum
1234 1701 1402 1767 abbatum
1426 1699 1474 1766 sit
1496 1701 1683 1786 potestate,
1710 1700 1767 1766 vel
1791 1697 1918 1786 quibus
1941 1695 2092 1763 eandem
2117 1713 2173 1761 ec-

312 1852 459 1920 clesiam
483 1853 528 1920 ad
552 1853 749 1940 regendum
772 1854 948 1931 dederint,
966 1854 1043 1922 sine
1066 1873 1147 1921 mea
1170 1852 1328 1942 meisque
1351 1854 1500 1940 posteris
1523 1853 1818 1921 contradictione.
1845 1855 1935 1919 Nam
1961 1853 1997 1917 et
2012 1869 2078 1935 ego
2096 1867 2182 1935 pre-

313 2008 443 2093 phatus
467 2005 755 2094 archiepiscopus
778 2011 871 2076 hanc
887 2009 1142 2094 obligationem
1165 2009 1269 2086 facio,
1288 2012 1329 2098 ut
1350 2010 1381 2078 si
1404 2029 1470 2096 ego
1494 2013 1558 2078 aut
1580 2009 1650 2078 mei
1666 2026 1885 2077 successores
1908 2023 2058 2094 eaquae
2074 2023 2179 2090 prae-

313 2163 484 2250 leguntur
507 2159 564 2228 vel
587 2161 781 2230 ordinatim
805 2163 920 2231 eidem
944 2166 1057 2232 marci
1082 2165 1284 2232 venerabili
1308 2165 1456 2242 abbati,
1497 2166 1555 2232 vel
1578 2165 1688 2252 ipsius
1712 2162 1968 2250 posterioribus
1992 2179 2057 2248 per
2080 2162 2177 2227 hunc

314 2313 475 2382 libellum
498 2333 520 2381 a
543 2313 643 2386 nobis
667 2333 835 2418 concessa
856 2317 941 2383 sunt
962 2321 1152 2384 observare
1177 2319 1467 2406 nequiverimus,
1493 2338 1556 2388 nos
1579 2323 1616 2386 et
1639 2317 1752 2385 nostri
1775 2333 1995 2383 successores
2017 2310 2180 2398 obligata

314 2490 407 2559 pena
429 2443 676 2540 subiaceamus
699 2489 909 2558 componere
943 2471 998 2539 illi
1021 2472 1190 2559 illiusque
1215 2474 1427 2559 posteriores
1450 2474 1594 2540 centum
1628 2472 1769 2549 solidos,
1795 2472 1832 2536 et
1854 2469 1956 2537 taciti
1994 2467 2033 2535 in
2056 2468 2181 2534 futuro

314 2623 444 2693 exinde
467 2643 675 2693 maneamus
696 2625 794 2692 omni
817 2627 976 2711 tempore
1013 2629 1050 2692 et
1073 2645 1116 2694 ea
1140 2646 1231 2714 quac
1256 2626 1402 2694 anobis
1435 2625 1602 2694 instituta
1625 2627 1710 2693 sunt
1733 2623 1771 2692 in
1799 2625 1865 2691 hoc
1889 2621 2097 2690 testamenti
2122 2621 2181 2688 ili-

314 2779 446 2846 bellum
469 2779 774 2866 percompleamus
811 2781 848 2844 et
880 2781 1107 2846 observemus
1130 2779 1227 2846 omni
1252 2783 1435 2866 tempore,
1475 2779 1633 2867 qnaliter
1656 2796 1767 2866 supra
1790 2795 1995 2844 concessum
2018 2776 2055 2841 et
2078 2773 2181 2842 insti-

314 2935 432 3000 tutum
455 2935 509 2999 est
532 2949 596 3020 per
619 2935 778 3000 nostram
801 2932 1041 3018 pontificalem
1065 2934 1329 3002 auctoritatem.
1357 2941 1455 3002 Hanc
1479 2938 1598 3002 autem
1623 2937 1766 3002 nostrae
1801 2932 2037 3000 concessionis
2072 2935 2181 3019 atque

317 3087 558 3157 libertationis
581 3106 643 3155 seu
656 3084 811 3174 plumbei
828 3087 941 3155 nostri
964 3087 1076 3174 sigilli
1093 3089 1389 3176 conscriptionem
1412 3089 1568 3157 scribere
1584 3090 1751 3158 iussimus
1766 3107 1832 3176 per
1847 3107 1974 3156 manus
1990 3087 2179 3156 lademarii

315 3240 522 3311 subdiaconi
545 3244 582 3307 et
604 3239 785 3308 scriniarii
809 3243 952 3308 nostrae
974 3243 1121 3308 sanctae
1145 3242 1295 3309 harinae
1318 3240 1516 3321 ecclesiae,
1554 3263 1661 3330 quam
1693 3245 1730 3311 et
1752 3243 1811 3310 hic
1835 3241 1990 3330 propriis
2015 3241 2182 3310 manibus

317 3417 372 3467 me
394 3394 588 3482 subscripsi
611 3397 730 3463 Mense
753 3399 790 3462 et
812 3395 1008 3464 indictione
1030 3396 1342 3482 supranominata.

361 3553 388 3644 †
411 3553 593 3639 Nykolaus
616 3552 676 3640 qui
700 3569 809 3639 supra
830 3551 952 3638 gratia
974 3551 1108 3620 domini
1134 3551 1422 3640 archiepiscopus
1444 3555 1569 3620 sancte
1592 3551 1686 3619 sedis
1710 3549 1883 3618 canusiae
1906 3548 2056 3616 ecclesie
2078 3546 2182 3638 †††

1032 3705 1266 3788 (Plumbeum
1291 3705 1478 3790 sigillum)

1096 4154 1401 4245 MLXXIX

1099 4369 1159 4444 A.
1187 4367 1243 4441 D.
1272 4366 1398 4442 1047

363 4633 390 4725 †
414 4635 452 4702 ln
476 4635 618 4702 nomine
642 4633 776 4702 domini
799 4631 964 4700 vicesimo
988 4649 1080 4698 nono
1104 4649 1198 4697 anno
1222 4627 1447 4716 principatus
1477 4627 1599 4694 domni
1624 4627 1736 4694 nostri
1771 4625 1992 4712 guaimarii,
2029 4627 2181 4696 etnono

320 4805 416 4854 anno
438 4787 588 4855 ducatus
611 4787 688 4856 eius
711 4785 851 4862 amalfi,
877 4786 914 4849 et
935 4783 1059 4848 octabo
1083 4798 1177 4846 anno
1202 4779 1352 4846 ducatus
1376 4777 1452 4844 eius
1474 4778 1657 4853 sorrentu,
1683 4777 1719 4842 et
1742 4777 1842 4841 sexto
1865 4791 1959 4840 anno
1983 4771 2182 4858 suprascri-

320 4945 460 5028 ptorum
483 4941 725 5030 principatum
749 4942 786 5006 et
808 4937 976 5006 ducatum
1000 4930 1119 5001 domni
1143 4931 1262 5016 gisulfi
1285 4930 1362 4998 eius
1384 4929 1456 4998 filio
1480 4927 1606 4996 eximii
1629 4926 1801 5014 principis
1836 4928 1873 4992 et
1895 4924 1995 4992 ducis
2016 4973 2040 5028 ,Ἴ
2061 4943 2184 4992 mense

247 5081 254 5092 ’
320 5095 472 5181 magius,
501 5093 765 5184 quintadecima
787 5088 995 5158 indictione.
1020 5087 1099 5153 Ideo
1121 5104 1211 5173 oque
1235 5103 1298 5152 nos
1321 5083 1542 5170 guisenolsus
1564 5083 1659 5149 tilius
1693 5080 1871 5168 quondam
1895 5077 2111 5164 guisenolti,
2147 5081 2185 5143 et

322 5249 454 5316 mulier
476 5247 619 5350 nomine
643 5245 822 5324 miranda,
847 5243 907 5332 qui
929 5258 1051 5310 sumus
1074 5242 1248 5327 amboque
1271 5235 1456 5323 coniugati
1480 5235 1536 5302 vir
1559 5237 1596 5301 et
1618 5253 1739 5310 uxor,
1764 5249 1853 5299 vone
1877 5233 1997 5298 nostre
2020 5230 2186 5296 volunta-

322 5401 380 5481 tis,
404 5405 489 5470 ante
511 5399 700 5490 subscripti
723 5399 831 5466 testes
854 5395 1062 5464 donavimus
1085 5393 1151 5460 tibi
1173 5389 1322 5460 iohanni
1345 5387 1514 5458 naturale
1537 5403 1714 5473 meunque
1730 5353 1917 5472 guisenolfl
1940 5382 2033 5471 quod
2056 5385 2093 5449 te
2120 5398 2184 5467 ge·

323 5557 386 5626 nui
408 5557 447 5625 in
470 5556 621 5624 muliere
644 5553 788 5624 nomine
811 5570 908 5621 anna
930 5549 1046 5617 libera
1068 5547 1214 5626 semina,
1241 5547 1369 5615 Inclita
1392 5565 1465 5615 una
1487 5546 1589 5634 peoia
1612 5545 1657 5612 de
1680 5547 1781 5611 terra
1815 5562 1896 5610 cum
1920 5559 2005 5609 oasa
2027 5539 2180 5626 lingnia-

323 5729 379 5819 za,¹
400 5729 469 5799 que
491 5708 602 5779 miehi
625 5709 680 5775 est
701 5703 923 5793 pertinentes
945 5701 992 5771 da
1014 5701 1089 5789 ipso
1113 5699 1332 5824 guiseqollus
1354 5694 1495 5784 genitor
1518 5715 1631 5776 meus,
1648 5696 1687 5764 in
1709 5697 1785 5763 loco
1809 5693 1955 5762 nuceria
1979 5689 2181 5779 propinquo

323 5863 401 5951 ipsa
424 5867 525 5932 terra
547 5864 671 5932 nostra
693 5858 918 5947 pertinente,
943 5855 982 5923 in
1005 5874 1073 5942 quo
1096 5853 1166 5921 suit
1188 5851 1408 5940 pertinentes
1431 5851 1635 5930 domnella,
1660 5868 1730 5937 que
1753 5847 1822 5916 suit
1845 5847 1928 5915 abia
1952 5846 2089 5922 nostra,
2114 5861 2182 5930 que
