5454 7104
1007 514 1460 592 uirtourricus
1840 621 1841 624 Ν
2054 519 2120 591 ue

327 707 443 776 nostri
466 708 582 794 gisolfi
604 709 681 778 eius
703 709 782 788 filii,
807 729 926 778 mense
950 713 1125 798 agustus,
1164 712 1321 779 secunda
1335 671 1549 779 indictione.
1588 715 1884 780 Memoratorium
1922 715 2055 780 sactum
2079 732 2101 780 a
2124 731 2180 780 me

314 860 500 930 iohannes
523 865 633 932 abbas
655 866 870 932 monasterio
893 863 1009 932 sancti
1033 864 1155 950 angeli
1179 868 1215 930 et
1237 867 1359 933 sancte
1384 865 1472 932 Soiie
1495 865 1585 933 situs
1611 863 1707 932 intra
1730 868 1825 934 hanc
1850 865 2112 934 salernitanam
2129 866 2179 932 ci·

326 1015 474 1082 ritatem
498 1015 702 1102 pertinente
725 1016 851 1084 domno
874 1017 1029 1103 paldolio
1051 1035 1223 1104 germano
1257 1019 1492 1105 suprascripti
1517 1019 1637 1086 domni
1673 1020 1866 1106 guaimarii
1890 1019 2094 1107 principis,
2131 1038 2172 1087 eo

318 1171 419 1256 quod
443 1171 529 1238 ante
549 1170 757 1258 subscriptis
780 1171 915 1240 idoneis
938 1174 1046 1240 testes
1069 1171 1115 1238 ad
1138 1171 1373 1238 laborandum
1399 1172 1615 1240 tradidimus
1639 1172 1758 1240 nicole
1796 1173 1871 1240 filio
1893 1175 1988 1260 pauli
2025 1177 2061 1240 et
2094 1174 2177 1242 ade·

317 1323 430 1392 marii
452 1322 526 1391 tilio
550 1323 723 1392 ademarii
747 1324 916 1394 abitatori
940 1325 983 1392 de
1007 1327 1122 1391 locum
1145 1326 1359 1412 hesperiae,
1400 1326 1491 1393 idest
1514 1344 1585 1393 una
1610 1325 1707 1412 pecie
1731 1325 1774 1393 de
1800 1329 1899 1395 terra
1923 1331 2065 1404 bacun,
2103 1346 2173 1434 que

313 1480 375 1544 est
397 1477 435 1543 in
459 1476 535 1546 ibso
560 1475 688 1554 locum,
707 1496 775 1564 que
798 1477 841 1544 de
864 1477 933 1544 due
957 1477 1070 1563 partis
1093 1479 1284 1546 coniuncta
1307 1482 1362 1546 est
1387 1497 1467 1544 curn
1491 1479 1596 1546 dubio
1613 1479 1812 1564 pecentino,
1831 1482 1867 1546 et
1890 1481 1932 1545 de
1949 1480 2172 1566 tertiaparte

322 1631 391 1696 tine
414 1631 528 1698 medio
551 1633 679 1708 limite,
705 1633 798 1698 sicut
820 1651 858 1698 se
881 1632 1067 1718 coniungit
1089 1651 1169 1699 cum
1194 1633 1269 1720 ipso
1293 1633 1428 1708 dubio,
1456 1633 1547 1719 quod
1573 1635 1627 1698 est
1651 1651 1714 1718 per
1741 1633 1941 1709 mensuria;
1968 1653 1989 1700 a
2012 1652 2096 1718 pars
2118 1651 2175 1699 oc-

309 1785 465 1852 cidentis
489 1783 585 1852 inira
608 1785 683 1873 ipso
706 1786 812 1854 dubio
836 1787 929 1872 passi
953 1789 1096 1855 centum
1120 1785 1279 1872 biginti3
1319 1785 1363 1852 de
1388 1803 1496 1872 super
1520 1805 1541 1850 a
1564 1785 1828 1852 septemtrionis
1851 1805 1940 1870 erga
1965 1785 2039 1871 ipso
2063 1785 2168 1852 iiubio

317 1939 414 2023 passi
438 1940 579 2006 centum
604 1938 744 2026 biginti3
769 1939 942 2024 desuper
965 1959 987 2006 a
1009 1938 1271 2035 sebtemtrionis
1294 1957 1383 2024 erga
1400 1941 1474 2024 ipso
1499 1937 1603 2004 dubio
1628 1937 1721 2023 passi
1738 1937 1942 2023 sexaginta,
1961 1941 1997 2002 et
2020 1957 2042 2004 a
2067 1941 2172 2022 parte

308 2090 465 2160 orientis
487 2110 576 2178 erga
599 2094 673 2180 ipso
696 2093 811 2160 limite
834 2093 929 2179 passi
952 2095 1162 2178 octuaginta
1184 2095 1393 2160 mensurata
1416 2095 1461 2160 ad
1485 2093 1578 2160 iusto
1602 2111 1757 2179 passum;
1786 2095 1826 2159 ut
1849 2093 1972 2160 amodo
1996 2095 2032 2158 et
2057 2112 2166 2180 usque

307 2245 471 2333 quinque
495 2247 613 2316 frudia
636 2249 851 2324 recollecta,
888 2247 961 2315 illis
984 2249 1020 2314 et
1042 2247 1115 2314 suis
1139 2247 1302 2315 eredibus
1326 2247 1452 2316 inclita
1475 2247 1720 2334 suprascripta
1755 2246 1855 2334 pecia
1879 2265 1942 2332 per
1966 2245 2161 2312 iamdictas

315 2400 406 2466 fines
430 2403 467 2466 et
489 2399 668 2466 mensurie
692 2419 773 2466 cum
797 2399 872 2467 vice
897 2397 938 2466 de
962 2399 1020 2466 via
1043 2418 1109 2467 sua
1132 2402 1296 2466 tenerent
1319 2401 1354 2466 et
1377 2401 1587 2468 laborarent
1610 2399 1829 2485 temporibus
1857 2398 1941 2476 suiS,
1959 2403 1996 2464 et
2018 2397 2173 2465 semina·

318 2557 400 2622 rent
423 2557 459 2621 et
481 2555 709 2640 studiarent‚
733 2558 770 2621 ct
792 2554 867 2641 ipso
890 2557 1005 2621 locum
1029 2554 1237 2621 conciarent
1262 2557 1404 2630 bonum,
1429 2553 1521 2620 sicut
1545 2553 1744 2629 meruerit,
1787 2553 1889 2620 etde
1914 2555 2046 2619 victum
2070 2551 2162 2638 quod

319 2707 402 2775 inde
426 2707 569 2784 exierit,
595 2707 757 2774 inclitam
780 2709 922 2774 tertiam
947 2709 1084 2794 partem
1108 2705 1146 2775 in
1169 2725 1253 2794 pars
1276 2705 1428 2792 predicti
1453 2706 1661 2774 monasterii
1684 2706 1819 2782 deant,
1847 2705 1937 2773 etsi
1960 2705 2097 2792 cepolle
2121 2704 2171 2772 ibi

322 2861 460 2938 iecerit,
487 2863 652 2948 quartam
676 2862 815 2946 partem
839 2859 968 2927 ibidem
992 2858 1092 2926 nobis
1115 2857 1235 2940 deant,
1260 2859 1335 2944 ipso
1359 2859 1451 2926 aliut
1473 2857 1541 2926 sibi
1565 2860 1722 2933 abeant,
1749 2861 1870 2925 tamen
1893 2859 2013 2943 preter
2037 2857 2172 2924 saciant

315 3011 415 3079 scire
438 3011 599 3098 partibus
622 3009 773 3098 predicti
796 3010 1025 3080 monasterii.
1052 3009 1098 3076 ud
1122 3009 1319 3094 dirigamus
1344 3010 1474 3078 ibidem
1498 3012 1643 3080 missum
1668 3016 1855 3090 nostrum,
1881 3013 1942 3100 qui
1966 3012 2015 3080 ibi
2038 3015 2166 3089 steort,

308 3168 354 3232 et
381 3164 559 3250 recipiant
583 3163 661 3250 ipsa
684 3166 806 3230 nostra
828 3162 1032 3240 sortioncm‚
1058 3164 1094 3229 et
1117 3161 1190 3230 illis
1213 3161 1288 3250 ipso
1312 3162 1457 3230 missum
1473 3163 1652 3231 notrirent
1675 3163 1771 3230 iusta
1796 3165 1984 3240 rationem,
2002 3163 2084 3232 dum
2109 3166 2170 3232 ille

311 3319 464 3387 steterit
486 3337 550 3405 pro
573 3316 656 3384 illut
679 3315 934 3404 recipiendum,
952 3317 989 3382 et
1011 3333 1075 3402 per
1098 3315 1213 3382 omnis
1230 3333 1363 3382 anuum
1388 3335 1452 3401 per
1477 3333 1561 3383 aree
1577 3316 1758 3384 adducant
1782 3317 1880 3385 nobis
1903 3317 2088 3385 serbitium
2105 3317 2173 3385 duo

307 3491 427 3542 carra
450 3473 492 3540 de
516 3473 621 3558 palea
643 3472 739 3539 intus
760 3471 830 3540 ista
854 3470 1064 3546 cibitatem‚
1098 3474 1136 3538 et
1158 3467 1266 3537 deant
1290 3469 1391 3537 nobis
1415 3489 1478 3557 per
1503 3490 1638 3538 annum
1662 3491 1731 3539 uno
1755 3491 1908 3539 aureum
1944 3471 2016 3540 tari
2040 3475 2169 3540 bonum

307 3643 427 3712 usque
450 3624 524 3710 ipso
547 3623 804 3698 coustitutum,
846 3627 883 3690 et
906 3641 967 3691 nos
991 3622 1074 3690 illut
1096 3641 1219 3691 eorum
1243 3624 1468 3698 defensemus
1504 3642 1614 3711 usque
1637 3625 1712 3710 ipso
1739 3626 1998 3700 constitutum,
2020 3627 2075 3710 ⁴et
2098 3643 2170 3692 nou

308 3798 509 3866 ¹queramus
531 3781 614 3847 illut
636 3797 755 3846 eorum
779 3781 957 3846 contrare.
999 3779 1052 3846 Ad
1076 3777 1151 3865 ipso
1175 3776 1410 3846 constitutum
1436 3777 1569 3844 liceant
1592 3776 1674 3844 inde
1705 3776 1778 3844 illis
1803 3779 1904 3846 exire
1940 3799 2018 3846 cum
2054 3777 2170 3846 omnis

307 3951 427 4000 eausa
448 3951 525 4010 sua,
543 3935 580 4000 et
602 3931 676 4018 ipse
699 3932 807 3999 terris
829 3932 877 3999 sit
901 3931 946 3998 ad
970 3931 1180 4016 potestatem
1203 3930 1247 3996 de
1270 3929 1434 4016 partibus
1451 3930 1602 4015 predicti
1619 3931 1838 4009 monasterii,
1856 3911 2169 4021 faciendum'quod

307 4089 507 4165 :noluerinu
531 4089 576 4156 de
600 4107 668 4175 qua
691 4085 1038 4173 percombenientia
1060 4083 1230 4170 guadiam
1254 4082 1364 4150 michi
1390 4083 1458 4170 ipsi
1481 4083 1656 4150 nominati
1680 4082 1798 4150 nicola
1822 4087 1858 4150 et
1881 4084 2042 4152 ademari
2061 4085 2171 4196 dede-

307 4247 432 4320 aunt,
458 4245 496 4309 et
518 4241 747 4309 mediatorem
772 4239 872 4307 nobis
894 4241 1089 4326 posuerunt
1111 4236 1286 4305 aldemari
1309 4235 1432 4304 clerici
1456 4235 1522 4302 filii
1546 4235 1701 4322 iaquinti
1725 4235 1916 4322 presbiteri
1941 4239 1977 4303 et
2000 4211 2171 4337 cardena-

321 4396 407 4473 rius,
431 4397 469 4462 et
491 4413 555 4482 per
578 4395 656 4481 ipsa
678 4394 813 4482 guadia
834 4392 1009 4500 obligavit
1031 4411 1069 4459 se
1092 4393 1129 4458 et
1143 4390 1216 4458 suis
1240 4390 1432 4458 heredibus
1450 4393 1501 4467 ut,
1520 4390 1551 4456 si
1574 4389 1668 4457 sicut
1681 4390 1848 4476 superius
1864 4390 1999 4476 legitur
2022 4367 2169 4479 adpars

311 4548 480 4618 iamdicti
503 4547 711 4614 monasterii
736 4566 806 4613 non
830 4543 1106 4631 adimplebant,
1131 4545 1168 4609 et
1190 4525 1319 4630 aliquit
1340 4543 1384 4609 de
1407 4543 1527 4611 omnia
1549 4543 1794 4631 suprascripta
1819 4547 2000 4628 remobere
2026 4545 2169 4647 quesie·
2229 4607 2233 4616 .

319 4703 380 4780 rit,
405 4663 621 4787 componere
643 4698 744 4766 nobis
767 4696 918 4784 triginta
941 4697 1023 4764 auri
1046 4695 1174 4764 solidos
1197 4696 1517 4774 constantinianus
1544 4700 1580 4764 et
1604 4715 1672 4762 unc
1697 4699 1839 4764 brebem
1854 4694 1979 4764 scribsi
1994 4667 2170 4783 egodau·

301 4855 425 4923 ‘serius
449 4853 606 4922 notarius
629 4853 691 4940 qui
714 4851 875 4920 interfui.

359 5007 386 5099 ’ς
410 4973 484 5095 Ego
506 5006 739 5094 truppoaldus
763 5005 925 5072 notarius
949 5023 1004 5070 me
1026 5001 1229 5089 sabscripsi.

361 5164 407 5228 lu
437 5165 510 5246 fiac
532 5162 640 5228 butus
661 5161 815 5228 chartac
836 5159 983 5242 legitur:
1009 5157 1181 5223 Iohannes
1204 5159 1240 5222 et
1264 5158 1405 5224 amatus
1432 5157 1498 5224 tilii
1522 5155 1699 5244 quondam
1723 5157 1856 5226 nicolai
1879 5107 1922 5225 de
1945 5161 2022 5226 loco
2046 5161 2168 5244 bespe-

315 5315 395 5382 nico
422 5313 586 5402 apposuit
608 5313 839 5380 mediatorem
864 5310 1018 5398 seipsum
1046 5360 1201 5376 .....
1226 5311 1262 5376 et
1286 5309 1360 5395 ipse
1386 5312 1495 5377 abbas
1518 5310 1636 5396 posuit
1659 5309 1889 5378 mediatorem
1912 5309 2103 5379 iohannem
2129 5313 2167 5378 fl-

302 5465 402 5536 'dium
427 5469 603 5557 quondam
627 5467 727 5534 isari.
