5452 7108
632 506 683 580 ‚32
1273 499 1453 576 consil
1493 499 1761 578 OAVEerlS

589 698 768 786 quondam
793 696 941 767 landoni
966 699 1009 767 de
1032 698 1146 766 omnis
1169 701 1275 768 rebus
1298 718 1379 766 mea
1402 699 1531 766 stabile
1554 701 1591 765 et
1613 699 1754 776 mobile,
1779 700 1842 765 het
1864 697 1955 764 casis
1970 700 2016 766 ab
2039 696 2136 764 intus
2160 698 2315 776 nucerie,
2332 702 2369 767 et
2384 717 2447 768 seu

588 853 695 930 foras,
721 851 764 919 de
787 856 960 939 quantum
984 857 1188 944 quantoque
1210 855 1312 924 modo
1336 859 1435 934 abeo,
1461 856 1518 924 vel
1533 854 1705 942 quidquid
1728 857 1860 922 havere
1876 852 2098 940 audcumque
2111 871 2241 939 parare
2268 855 2338 922 aud
2364 873 2446 922 con-

587 1005 733 1091 quidere
756 1009 975 1094 potuerimus
998 1011 1160 1079 omnibus
1183 1012 1307 1079 diebus
1328 1011 1415 1088 uite,
1441 1030 1503 1078 seu
1527 1011 1619 1098 quod
1642 1010 1697 1078 est
1719 1013 1871 1096 paterna
1894 1009 2132 1094 maternaque
2156 1006 2384 1082 substantia,
2409 1009 2450 1072 et

589 1179 653 1247 per
675 1161 814 1247 legibus
838 1161 949 1230 michi
973 1164 1084 1231 fuerit
1108 1167 1144 1230 et
1167 1167 1221 1231 est
1244 1165 1468 1250 pertinentes
1483 1167 1602 1242 abere,
1620 1167 1733 1232 totum
1748 1167 1784 1231 et
1795 1163 1959 1232 inclitum
1974 1162 2057 1228 illut
2072 1161 2137 1228 tibi
2154 1161 2332 1228 nominati
2349 1159 2444 1247 petri

589 1316 760 1394 donabit,
786 1335 867 1383 curn
890 1317 1011 1385 omnia
1034 1337 1102 1404 que
1125 1317 1224 1385 intra
1247 1317 1298 1386 eis
1323 1321 1431 1396 sunt,
1457 1317 1665 1404 cunctisque
1688 1336 1812 1384 earum
1837 1314 2086 1402 pertinentiiS,
2112 1317 2252 1382 etcum
2283 1315 2360 1382 bicc
2400 1314 2445 1380 de

589 1470 647 1538 bie
669 1489 744 1548 sue,
771 1473 811 1537 ut
833 1487 973 1557 semper
995 1469 1042 1538 sit
1065 1470 1103 1538 in
1127 1471 1301 1556 potestate
1325 1474 1446 1538 vestra
1469 1471 1526 1537 vel
1549 1469 1592 1538 de
1627 1472 1754 1538 vestris
1777 1469 1941 1538 eredibus
1964 1468 2165 1538 faciendum
2202 1468 2295 1556 quod
2326 1469 2449 1535 volue-

590 1624 683 1701 ritis3
708 1627 861 1701 tantum,
879 1622 909 1690 si
925 1623 1118 1711 aliquando
1142 1627 1301 1713 tempore
1326 1626 1499 1692 iohannes
1523 1623 1617 1691 filius
1640 1643 1752 1701 meus,
1770 1623 1831 1712 qui
1854 1623 1897 1690 de
1921 1641 1963 1690 ac
1980 1625 2080 1690 terra
2095 1625 2295 1709 premortus
2318 1625 2387 1702 est,
2402 1643 2445 1692 ac

590 1783 799 1847 rebersurus
822 1781 877 1846 est
899 1779 945 1847 ad
969 1779 1190 1858 abitandum,
1205 1780 1249 1847 de
1264 1779 1380 1847 omnis
1404 1779 1648 1866 suprascripta
1661 1783 1765 1847 rebus
1781 1797 1861 1846 mea
1876 1779 1980 1846 tollat
1994 1778 2234 1856 medietatem,
2249 1780 2385 1848 mobile
2408 1783 2449 1847 et

591 1935 732 2012 stabile,
747 1936 809 2000 het
820 1937 859 2000 tu
872 1933 1076 2001 nominatus
1089 1935 1212 2020 petrus
1224 1934 1299 2002 alia
1312 1933 1571 2001 medietateEt
1585 1935 1616 2002 si
1628 1932 1691 2001 ille
1706 1936 1769 2001 het
1783 1950 1864 2002 suos
1876 1933 2023 2001 heredes
2039 1933 2124 2000 inao
2132 1936 2231 2000 terra
2248 1953 2320 2001 non
2337 1932 2450 2001 fuerit

591 2071 800 2156 rebersurus
824 2088 870 2156 ad
894 2087 1119 2166 ebibendum,
1137 2089 1213 2155 tota
1230 2091 1267 2154 et
1290 2088 1436 2175 integra
1458 2089 1573 2156 omnis
1597 2091 1701 2156 rebus
1724 2108 1805 2158 mea
1826 2089 1954 2156 stabile
1967 2090 2029 2156 het
2053 2088 2183 2156 mobile
2207 2088 2394 2174 perbeniat
2409 2091 2450 2156 at

591 2246 765 2330 potestate
790 2247 923 2332 tuaque
946 2244 1067 2331 petri,
1093 2243 1194 2310 etde
1218 2244 1290 2311 tuis
1314 2245 1505 2321 eredibus,
1531 2244 1732 2313 faciendum
1766 2244 1885 2312 omnia
1909 2243 2001 2331 quod
2025 2243 2231 2320 voluetitis,
2256 2246 2293 2310 et
2316 2244 2441 2311 amodo

590 2403 628 2467 ct
649 2399 811 2467 omnibus
834 2398 957 2466 diebus
981 2398 1053 2466 bite
1077 2417 1154 2465 mee
1178 2418 1241 2467 sue
1256 2417 1313 2464 me
1328 2398 1512 2466 nutricare
1523 2399 1693 2478 debeatis
1711 2402 1748 2466 et
1762 2397 1906 2476 bestire,
1932 2401 1993 2466 het
2017 2399 2183 2474 calciare,
2198 2397 2447 2466 sicutiuxtum

590 2554 720 2621 suerit:
746 2556 783 2621 et
805 2557 884 2641 post
907 2572 1023 2620 meam
1046 2554 1309 2622 defunctionem
1341 2553 1432 2620 detis
1456 2573 1520 2640 pro
1552 2554 1641 2621 meis
1671 2554 1797 2622 salutis
1828 2555 1947 2620 anime
1978 2555 2112 2640 septem
2143 2553 2225 2620 auri
2256 2553 2329 2620 tari
2361 2553 2447 2622 voni

588 2707 826 2776 distribuendi
848 2707 936 2786 illis,
961 2709 1055 2776 sicut
1078 2709 1178 2776 nobis
1202 2709 1288 2775 deus
1313 2708 1442 2776 melius
1465 2707 1709 2795 inspiraberit,
1735 2710 1772 2774 et
1794 2708 1896 2776 modo
1912 2727 1976 2794 por
1998 2727 2038 2774 oc
2062 2708 2192 2774 donum
2214 2708 2448 2788 firmandum,

590 2861 707 2948 recepi
731 2881 753 2928 a
777 2865 813 2928 te
837 2862 1041 2930 nominatus
1065 2864 1187 2949 petrus
1211 2862 1394 2948 launegilt
1417 2863 1522 2930 iuxta
1537 2864 1653 2949 legem
1677 2863 1769 2949 pelle
1782 2883 1874 2930 vona
1888 2882 1970 2930 una.
1985 2862 2154 2954 finitoque
2170 2881 2253 2930 vero
2277 2862 2444 2948 launegit

591 3017 708 3103 ipsum
732 3019 819 3102 aput
842 3035 905 3084 nos
928 3037 1008 3084 eam
1032 3017 1183 3094 ratione,
1209 3017 1303 3084 sicut
1325 3016 1422 3084 inter
1446 3037 1509 3085 nos
1533 3017 1721 3095 combenit,
1746 3020 1783 3084 et
1796 3036 1860 3103 per
1883 3018 2142 3085 combenientia
2157 3037 2222 3102 ego
2240 3018 2450 3086 nominatus

594 3190 675 3238 urso
698 3171 869 3258 guadiam
894 3172 960 3240 tibi
984 3171 1167 3239 nominato
1191 3171 1285 3258 petri
1310 3190 1444 3258 genero
1468 3191 1567 3240 meus
1588 3171 1682 3250 dedi,
1707 3174 1744 3238 et
1765 3171 1998 3238 fideiuxorem
2021 3171 2087 3239 tibi
2110 3172 2231 3258 posuit
2254 3171 2452 3238 nucerinus

592 3325 687 3394 filius
709 3326 887 3414 quondam
912 3326 1005 3394 mari
1027 3325 1178 3404 notari03
1203 3328 1240 3392 et
1262 3345 1327 3412 per
1350 3325 1429 3414 ipsa
1451 3326 1586 3413 guadia
1607 3325 1725 3413 obligo
1748 3345 1805 3392 me
1829 3327 1890 3392 het
1913 3327 2001 3394 mais
2025 3325 2226 3403 heredibus,
2252 3325 2378 3394 amodo
2402 3329 2441 3394 et

593 3498 734 3566 semper
756 3479 947 3548 defendere
972 3481 1039 3548 tibi
1062 3479 1204 3568 tuisque
1227 3479 1408 3558 eredibuS,
1434 3479 1615 3566 integram
1638 3479 1921 3567 suprascriptam
1944 3481 2104 3546 nostram
2127 3479 2381 3556 donationem,
2405 3483 2449 3547 ut

593 3635 758 3722 superius
781 3635 934 3722 legitur,
960 3637 1006 3702 ab
1030 3635 1193 3704 omnibus
1216 3634 1396 3702 ominibus
1419 3636 1456 3702 et
1479 3653 1560 3702 cum
1585 3633 1660 3701 bice
1683 3633 1726 3701 de
1750 3632 1807 3701 bie
1830 3651 1911 3708 sue;
1929 3634 1965 3698 et
1979 3651 2043 3719 per
2066 3633 2145 3720 ipsa
2168 3633 2303 3719 guadia
2325 3633 2450 3719 obligo

596 3807 651 3855 me
674 3789 737 3856 het
759 3788 849 3856 meis
872 3788 1050 3866 eredibus,
1078 3789 1172 3877 quod
1195 3787 1226 3856 si
1249 3787 1376 3856 taliter
1400 3787 1521 3856 omnia
1544 3786 1789 3873 suprascripta
1811 3786 1876 3856 tibi
1900 3786 2040 3873 tuisque
2055 3786 2220 3853 eredibus
2236 3805 2308 3854 non
2331 3783 2444 3853 adim-

593 3941 808 4029 pleverimus
839 3961 903 4029 per
926 3941 1052 4029 quabis
1076 3941 1294 4019 rationibus,
1330 3961 1542 4027 componere
1565 3941 1684 4029 obligo
1715 3958 1772 4008 me
1795 3941 1857 4008 het
1879 3941 1967 4008 meis
1998 3940 2185 4018 eredibus,
2211 3940 2277 4007 tibi
2301 3939 2448 4027 tuisque

594 4095 771 4175 enodibus,
795 4096 949 4182 triginta
972 4096 1054 4165 auri
1077 4097 1208 4165 solidos
1232 4095 1565 4173 constantinianos3
1584 4099 1620 4162 et
1636 4094 1776 4182 quando
1809 4096 1848 4162 tu
1872 4097 1909 4160 et
1932 4097 2012 4162 tuos
2045 4097 2169 4163 eredes
2193 4116 2256 4183 per
2282 4115 2341 4164 vos
2364 4095 2452 4183 ipsis

596 4250 781 4318 volueritis
804 4250 888 4318 inde
911 4270 1019 4318 exere
1043 4253 1227 4318 auctorem
1250 4251 1314 4318 het
1339 4249 1573 4327 defensorem,
1599 4251 1809 4336 potestatem
1834 4249 1972 4316 abeatis
1991 4249 2030 4317 in
2046 4249 2355 4318 omnibus‘exinde
2371 4268 2459 4318 cau·

594 4422 676 4471 sare
698 4403 761 4470 het
782 4403 889 4470 finem
912 4403 1051 4480 facere,
1084 4402 1178 4470 sicut
1209 4403 1339 4480 bultis,
1374 4423 1455 4470 cum
1487 4403 1651 4472 omnibus
1682 4403 1938 4472 moniminibus
1969 4407 2006 4472 et
2037 4405 2237 4472 rationibus
2260 4425 2349 4493 quas
2372 4404 2455 4473 inde

595 4559 809 4635 ostederitis,
835 4561 872 4626 et
894 4559 1015 4626 omnia
1037 4556 1284 4644 suprascripta
1307 4555 1409 4624 nobis
1432 4555 1703 4643 adimpleamus
1729 4561 1766 4624 et
1787 4558 1880 4626 sicut
1902 4557 1941 4625 in
1964 4559 2025 4624 lex
2047 4555 2351 4640 langobardorum
2374 4575 2460 4624 oon-

497 4749 505 4765 ·
595 4715 709 4794 tinet,
734 4715 818 4781 illut
840 4713 939 4781 vobis
963 4713 1223 4800 adimpleamus
1246 4731 1310 4800 per
1334 4711 1507 4779 iamdicta
1534 4711 1670 4798 guadio
1692 4716 1729 4778 et
1749 4711 1979 4797 obligationis
2003 4731 2117 4798 pena,
2144 4731 2251 4799 quam·
2275 4713 2309 4776 tc
2333 4713 2460 4796 petrus

596 4869 861 4957 protonotarius
884 4866 1043 4934 scribere
1068 4864 1287 4951 rogabimus,
1314 4867 1435 4931 actum
1459 4863 1619 4932 nucerie.

641 5018 669 5109 †
693 5021 766 5104 Ego
790 5017 851 5105 qui
874 5036 984 5104 supra
1007 5016 1167 5084 ademari
1190 5015 1313 5083 iudex.

1211 5269 1308 5280 ——-.
1317 5271 1652 5280 -121n—m-qn--m--nmmmm-nnm-
1671 5273 1681 5280 n
1689 5273 1699 5280 n
1708 5273 1718 5280 .-
1725 5273 1730 5280 -
1743 5273 1754 5280 -
1762 5273 1785 5280 ...-
