5398 7106
1028 537 1477 612 nrrnouarrons
1533 509 1535 516 ’
2012 539 2085 614 am

274 795 413 862 luntate
436 796 480 863 de
504 797 691 866 mundoalt
714 816 828 874 suum;
854 799 891 862 et
914 795 1038 863 taliter
1060 796 1188 884 scripsi
1210 817 1277 884 ego
1302 801 1473 868 iohannes
1497 797 1671 867 notarius.
1707 817 1774 886 ego
1799 801 1922 884 petrus
1959 798 2129 866 notarius

275 970 331 1018 me
352 954 558 1042 subscripsi.
585 956 670 1022 Cum
692 956 811 1022 autem
834 953 1079 1040 suprascripte
1102 955 1201 1021 carte
1225 956 1374 1022 fuerunt
1395 957 1563 1031 ostense,
1600 953 1695 1022 dixit
1718 953 1794 1042 ipse
1818 953 1960 1030 disiius,
1989 957 2028 1022 ut
2053 954 2139 1040 ipsa
2197 982 2199 991 ¹

276 1111 375 1174 terra
398 1128 480 1176 cum
504 1127 601 1186 casa,
627 1127 696 1196 que
720 1112 775 1176 est
798 1109 896 1176 intra
920 1110 1014 1176 hanc
1038 1106 1252 1187 civitatem,
1289 1125 1358 1196 que
1382 1109 1467 1175 ante
1490 1127 1547 1175 me
1569 1109 1770 1176 monstrata
1794 1109 1887 1188 fuit,
1913 1108 2051 1194 etipse
2076 1127 2133 1176 res

276 1260 359 1328 soris
382 1263 449 1328 hac
472 1247 630 1340 civitate,
648 1280 717 1350 que
740 1265 825 1329 unte
838 1280 893 1328 me
909 1264 1105 1329 monstrate
1128 1261 1274 1330 fuerunt
1289 1261 1357 1328 sibi
1373 1265 1410 1330 et
1424 1261 1585 1330 dauferio
1601 1279 1773 1348 germano
1787 1279 1851 1331 suo
1866 1263 2049 1349 pertinere
2066 1281 2132 1349 per

274 1415 534 1501 suprascriptas
549 1417 709 1485 cartulas
725 1435 815 1504 quas
829 1416 998 1484 ostendit.
1024 1417 1100 1503 Ipse
1123 1416 1243 1485 inians
1258 1417 1402 1485 dicebat
1416 1417 1545 1494 sibiet
1560 1415 1718 1494 iohanni,
1736 1419 1773 1484 et
1788 1396 1957 1504 pandoni,
1976 1420 2013 1484 et
2029 1423 2132 1505 petro

277 1573 483 1642 iamdictam
508 1575 643 1640 terram
668 1591 750 1640 cum
773 1592 858 1641 casa
881 1581 916 1641 et
940 1573 1037 1659 ipsas
1061 1591 1118 1639 res
1141 1563 1325 1661 pertinere
1349 1590 1414 1660 per
1437 1571 1703 1659 suprascriptas
1737 1571 1911 1648 cartulas,
1948 1591 2038 1659 quas
2061 1571 2138 1658 ipse

275 1729 383 1796 lando
407 1729 528 1796 inians
550 1728 718 1796 ostendit.
746 1730 790 1796 Et
813 1727 889 1816 ipse
912 1727 1033 1794 intans
1057 1727 1164 1804 dixit,
1192 1730 1232 1795 ut
1254 1726 1330 1814 ipse
1347 1729 1420 1795 tres
1444 1729 1593 1801 cartule
1610 1747 1698 1816 ques
1723 1727 1796 1814 ipse
1820 1725 1945 1794 disiius
1960 1726 2132 1805 ostendit,

276 1901 342 1970 que
365 1883 529 1970 superius
552 1883 801 1969 perordinem
824 1883 1008 1950 declarate
1031 1885 1138 1960 sunt,
1165 1901 1319 1970 quarum
1344 1902 1417 1951 una
1440 1883 1576 1969 scripta
1599 1885 1654 1951 est
1678 1901 1742 1969 per
1768 1884 1884 1968 ipsum
1909 1838 2136 1950 ademarium

274 2037 483 2105 notarium.
510 2038 628 2106 altera
651 2055 715 2124 per
738 2037 853 2123 ipsum
880 2037 1134 2123 truppoaldum
1157 2037 1368 2114 notarium,
1405 2038 1559 2104 alteram
1583 2056 1647 2124 per
1672 2037 1788 2124 ipsum
1815 2038 2005 2105 iohannem
2032 2037 2134 2104 nota-

277 2191 377 2268 rium,
404 2192 490 2259 fatse
514 2194 643 2258 essent.
686 2194 763 2279 Ipse
787 2191 898 2259 disius
922 2191 1019 2259 dixit
1041 2191 1127 2258 illas
1152 2210 1299 2258 veraces
1322 2209 1398 2260 esse
1421 2195 1459 2259 et
1481 2193 1678 2260 secundum
1702 2194 1820 2278 legem
1845 2191 1928 2260 illas
1953 2191 2132 2258 adverare

235 2441 237 2450 Ι
275 2313 384 2432 posse.
412 2349 456 2412 Et
478 2344 670 2436 dixitipse
694 2345 833 2423 disiius,
852 2350 892 2414 ut
915 2345 1159 2433 suprascripte
1183 2346 1251 2413 due
1275 2347 1428 2423 cartule,
1454 2365 1523 2434 que
1546 2344 1711 2431 superius
1736 2364 1800 2432 per
1823 2345 1987 2422 ordinem
2013 2344 2135 2412 decla·

277 2503 352 2568 rate
376 2505 476 2578 sunt,
503 2519 591 2587 quas
615 2501 690 2587 ipse
714 2501 833 2568 inians
856 2500 1036 2585 ostendit,
1062 2519 1215 2586 quarum
1241 2520 1315 2568 una
1338 2500 1474 2587 scripta
1497 2503 1551 2567 111
1574 2519 1639 2586 per
1663 2503 1778 2586 ipsum
1802 2500 2007 2587 iaquintnm
2033 2501 2136 2567 nota-

275 2654 388 2730 rium,
414 2657 532 2722 altera
556 2673 620 2742 per
642 2653 758 2740 ipsum
783 2653 986 2720 mirandum
1011 2654 1206 2734 notarium,
1233 2655 1323 2722 salse
1346 2659 1492 2724 essent:
1523 2658 1598 2742 Ipse
1622 2656 1743 2723 infans
1767 2655 1949 2742 respondit
1972 2655 2054 2722 illas
2079 2675 2136 2722 re-

275 2828 374 2877 races
396 2828 485 2885 esse,
502 2811 539 2876 et
561 2809 755 2876 secundum
779 2809 898 2894 legem
921 2807 1004 2874 illas
1028 2807 1205 2875 adverare
1229 2828 1345 2895 posse.
1372 2794 1591 2895 Ego'autem
1615 2811 1699 2878 dum
1724 2811 1848 2878 taliter
1870 2812 1953 2878 illos
1977 2809 2072 2876 111111
2096 2829 2134 2876 11

273 2969 460 3031 causantes
483 2962 604 3030 audivi
629 2981 750 3029 coram
773 2962 860 3048 ipsis
884 2962 1409 3060 11111111111111111111111111,
1446 2964 1603 3032 indicavi
1633 2966 1670 3030 et
1692 2963 1810 3049 ipsum
1845 2963 2021 3030 infantem
2046 2981 2130 3029 cum

273 3114 441 3184 iamdicto
465 3115 570 3184 disiio
593 3115 768 3202 guadiare
792 3116 890 3192 1111,
918 3119 957 3182 ut
981 3134 1045 3202 per
1069 3119 1190 3202 partes
1213 3121 1388 3203 pararent
1410 3119 1507 3186 inter
1530 3137 1568 3186 se
1591 3120 1717 3188 sancta
1752 3117 1809 3184 dei
1833 3117 2051 3204 evangelia,
2091 3122 2128 3182 et

273 3273 373 3359 prins
397 3271 470 3358 ipse
493 3271 619 3338 disiius
642 3271 835 3338 secundum
860 3274 978 3356 legem
1003 3289 1068 3358 per
1091 3276 1357 3340 sacramentum
1382 3274 1427 3341 ad
1453 3274 1531 3360 ipsa
1554 3271 1742 3361 evangelia
1765 3275 2027 3358 suprascriptas
2051 3275 2126 3338 tres
2207 3289 2209 3294 ·
2258 3281 2260 3288 ’

276 3417 447 3502 11111111,
473 3444 562 3512 quas
585 3425 661 3512 ipse
685 3425 810 3492 disiius
833 3424 1001 3501 ostendit,
1027 3443 1096 3512 que
1119 3427 1284 3511 superius
1308 3444 1372 3514 per
1394 3426 1518 3493 ordine
1542 3425 1726 3493 declarate
1747 3429 1845 3501 sunt,
1872 3425 2060 3493 1111111111.
2089 3429 2133 3492 111

277 3581 333 3645 ubi
358 3580 482 3646 taliter
506 3579 601 3645 inter
625 3579 711 3644 ilias
735 3577 965 3644 adveraverit
1003 3577 1077 3664 ipse
1112 3579 1237 3648 disiius
1261 3582 1298 3646 et
1321 3580 1511 3648 iamdictus
1535 3580 1718 3648 dauferius
1750 3599 1941 3666 germanus
1964 3579 2069 3658 eius,
2096 3585 2132 3646 11

222 3825 224 3830 Ι
274 3733 418 3800 iliorum
441 3733 591 3836 heredes
614 3751 754 3818 semper
770 3733 945 3799 securiter
969 3733 1128 3800 habeant
1150 3733 1265 3820 ipsam
1282 3737 1419 3817 terram
1443 3754 1523 3801 cum
1547 3753 1643 3810 oasa,
1662 3754 1769 3821 quam
1793 3734 1867 3820 ipse
1891 3735 2131 3810 cartulecon-

274 3890 390 3955 tinent
411 3889 605 3956 secundum
630 3891 769 3956 textum
793 3888 836 3955 de
862 3889 946 3976 ipsis
970 3890 1148 3966 cartulis,
1189 3891 1226 3956 et
1250 3889 1456 3957 1111111111
1480 3888 1532 3956 111
1557 3889 1649 3975 quod
1674 3887 1855 3956 voluerint
1893 3891 2024 3976 absque
2048 3908 2131 3956 ocn-

274 4044 461 4112 trarietate
485 4044 596 4130 ipsius
621 4045 831 4111 1111111111
855 4045 1028 4111 heredum
1052 4047 1142 4113 eius.
1183 4048 1229 4112 Et
1251 4045 1372 4132 ibique
1396 4045 1651 4130 presentaliter
1676 4044 1750 4132 ipse
1773 4045 1893 4112 inians
1929 4045 2127 4112 secundnm

272 4199 387 4286 legem
410 4219 474 4286 per
497 4203 762 4268 sacramentum
786 4201 832 4268 ad
856 4201 934 4287 ipsa
957 4198 1145 4288 evangelia
1168 4203 1432 4288 suprascriptas
1456 4205 1562 4268 amba
1586 4201 1770 4278 cartulas,
1797 4220 1886 4288 quas
1909 4199 1986 4285 ipse
2008 4199 2130 4266 inians

158 4433 160 4435 ¹
272 4355 439 4432 ostendit,
465 4347 534 4442 que
557 4355 721 4442 superius
746 4374 810 4441 per
834 4349 995 4422 ordinem
1019 4357 1202 4424 declarate
1226 4359 1322 4433 sunt,
1349 4355 1523 4422 adveret:
1549 4357 1586 4422 et
1611 4354 1671 4422 ubi
1695 4355 1820 4421 taliter
1844 4355 1940 4440 ipsas
1964 4356 2127 4420 cartulas

273 4511 511 4588 adveraverit,
537 4511 612 4597 ipse
637 4512 744 4578 lando
768 4512 887 4578 inians
910 4515 946 4578 et
969 4511 1160 4579 iamdictus
1184 4513 1358 4580 iohannes
1381 4514 1418 4579 et
1441 4510 1558 4598 pando
1582 4511 1619 4576 et
1640 4512 1764 4596 petrus
1788 4509 1954 4595 germani
1977 4509 2066 4589 eius,
2093 4512 2130 4575 et

272 4665 417 4732 illorum
441 4665 591 4732 heredes
614 4684 755 4750 semper
778 4666 955 4732 securiter
978 4667 1138 4733 habeant
1161 4665 1255 4753 ipsas
1279 4683 1364 4742 res,
1390 4683 1479 4752 quas
1503 4664 1577 4750 ipse
1600 4663 1741 4730 cartule
1764 4663 1979 4739 continent,
2005 4681 2130 4729 secun-

271 4817 352 4885 dum
378 4822 517 4886 textum
539 4819 583 4886 de
607 4820 693 4906 ip'sis
717 4819 882 4896 cartulis,
896 4821 934 4886 11
956 4820 1094 4888 faciant
1118 4838 1164 4887 ex
1189 4820 1240 4887 eis
1264 4821 1357 4907 quod
1374 4818 1566 4896 voluerint,
1582 4821 1716 4906 absque
1741 4816 2001 4884 contrarietate
2018 4816 2128 4902 ipsius
2223 4825 2224 4828 ’

270 4973 375 5060 disigi
398 4977 436 5041 et
458 4972 628 5042 heredum
653 4975 739 5042 eius.
765 4977 811 5040 Et
832 4992 897 5060 per
920 4977 1042 5060 partes
1066 4975 1162 5042 inter
1184 4993 1222 5042 sc
1245 4973 1486 5042 fideiussorem
1510 4975 1706 5059 posuerunt
1729 4971 1928 5058 pandonem
1953 4969 2126 5038 clericum

269 5127 382 5196 fllium
407 5130 585 5216 quondam
609 5130 758 5198 landolfi
781 5115 934 5197 comitis.
960 5130 1123 5217 superius
1148 5125 1240 5196 inter
1275 5128 1436 5215 virgnlos
1467 5087 1641 5213 scriptum
1681 5128 1736 5192 est
1762 5126 1807 5192 de
1834 5105 2054 5212 propiciano.
2091 5127 2127 5191 et

269 5283 392 5350 taliter
415 5305 478 5371 pro
500 5289 604 5372 parte
628 5285 739 5372 ipsius
763 5284 872 5370 disigi
896 5287 936 5352 te·
955 5279 1178 5351 ademarium
1203 5283 1385 5350 notarium
1409 5281 1568 5348 scribere
1591 5279 1749 5368 precepi.

315 5438 436 5528 †Fgo
460 5439 522 5526 qui
546 5458 658 5526 snpra
681 5439 855 5508 iohannes
879 5437 1000 5505 index.
