5454 7104
980 499 1402 575 nlrtonnrlcus
2046 500 2090 572 dl

286 697 362 784 ipse
389 699 512 784 petrus
534 696 704 783 guadiam
728 697 837 764 michi
860 697 956 764 dedit
979 699 1015 764 et
1037 696 1276 764 fideiussorem
1312 695 1420 764 michi
1445 695 1562 780 posuit
1585 694 1801 762 Alderisium
1824 695 1937 766 fllium
1961 694 2138 780 qnondam

282 853 449 930 falconis,
475 855 512 918 et
535 871 599 939 per
622 855 732 938 ipsam
750 849 918 938 guadiam
943 851 1017 938 ipse
1040 854 1163 938 petrus
1185 851 1360 938 obligavit
1382 869 1420 918 se
1444 853 1481 918 et
1502 869 1583 918 suos
1606 850 1754 918 heredes
1770 849 2008 936 adimplerent
2031 847 2139 914 michi

284 1005 427 1094 meique
450 1006 725 1082 successoribus,
743 1009 780 1073 et
802 1027 887 1095 pars
911 1007 1069 1094 predicto
1092 1005 1252 1083 ecclesie,
1271 1006 1404 1074 Amodo
1429 1008 1465 1073 et
1490 1024 1600 1091 usque
1624 1004 1739 1092 ipsum
1755 1003 1985 1071 constitutum
2002 1001 2142 1088 conple-

285 1165 361 1228 tum
384 1163 516 1239 omnia,
531 1162 624 1230 sicut
638 1181 748 1249 supra
771 1163 919 1250 legitur.
937 1164 991 1232 Ad
1014 1164 1227 1250 completum
1252 1164 1366 1248 ipsum
1390 1159 1622 1228 constitutum
1645 1158 1787 1246 integra
1802 1157 2046 1246 suprascripta
2069 1160 2143 1224 tra-

282 1315 370 1384 ditio
394 1314 490 1382 iusta
516 1319 647 1382 ratione
663 1316 763 1384 salva
778 1314 963 1402 perveniat
985 1315 1031 1382 ad
1054 1317 1227 1402 potestate
1252 1332 1331 1380 mea
1354 1313 1456 1380 etde
1480 1311 1568 1378 meis
1583 1311 1842 1378 successoribus
1865 1311 1899 1375 et
1921 1310 1965 1376 do
1979 1309 2142 1396 partibus

285 1470 444 1557 predicte
480 1466 648 1547 ecclesie;
674 1472 711 1537 et
732 1469 841 1536 liceat
863 1469 937 1555 ipse
972 1470 1094 1555 petrus
1128 1467 1263 1534 eteius
1287 1466 1434 1534 heredes
1468 1465 1550 1532 inde
1574 1465 1676 1532 exire
1699 1484 1779 1530 curn
1802 1463 1961 1530 omnibus
1995 1463 2140 1530 illorum

283 1623 416 1690 causis.
442 1626 487 1690 Et
510 1623 552 1702 si,
567 1623 660 1690 sicut
681 1622 844 1710 superius
867 1622 1039 1708 scriptum
1063 1624 1128 1697 est,
1153 1621 1227 1707 ipse
1252 1623 1373 1706 petrus
1397 1623 1433 1686 et
1455 1622 1532 1687 cius
1547 1620 1696 1688 heredes
1719 1618 1828 1686 michi
1852 1619 1990 1706 meique
2006 1637 2143 1686 succes-

282 1777 435 1854 soribus,
454 1780 490 1844 et
515 1777 561 1844 ad
573 1795 657 1864 pars
669 1777 828 1864 predicte
852 1775 998 1844 ecclesie
1022 1795 1092 1842 non
1115 1731 1402 1862 adirnpleberint,
1421 1777 1457 1842 et
1480 1774 1719 1862 suprascripto
1736 1775 1854 1840 velex
1877 1773 1929 1840 eis
1952 1773 2141 1860 quicquam

283 1953 464 2002 removere
489 1935 553 2000 aut
579 1932 825 2000 contradicere
848 1929 1140 2018 presumpserint,
1157 1948 1222 2016 per
1246 1929 1358 2015 ipsam
1383 1927 1552 2014 guadiam
1576 1927 1754 2012 obligavit
1768 1945 1806 1993 se
1831 1930 1867 1993 et
1889 1945 1969 1994 suos
1992 1927 2140 1994 heredes

280 2107 493 2176 componere
513 2088 623 2156 michi
644 2087 784 2174 meique
795 2085 1068 2162 successoribus,
1086 2087 1123 2150 et
1145 2103 1228 2171 pars
1241 2083 1398 2170 predicte
1415 2083 1562 2149 ecclesio
1578 2084 1720 2149 centum
1738 2081 1819 2148 auri
1835 2081 1964 2148 solidos
1980 2084 2142 2149 constan·

284 2244 458 2312 tinianos.
476 2245 627 2310 Tantum
651 2243 860 2328 potestatem
877 2242 1070 2308 habeamus
1086 2258 1151 2324 ego
1167 2236 1348 2326 predictus
1363 2240 1472 2304 abbas
1490 2238 1615 2304 tollere
1632 2237 1745 2303 totum
1762 2235 1884 2303 vinum
1908 2238 1944 2302 et
1960 2237 2136 2312 abelleno,

280 2400 374 2488 quod
400 2401 469 2467 isto
484 2398 657 2485 preterito
681 2416 775 2464 anno
791 2396 882 2482 quod
906 2393 1063 2472 transiit,
1078 2393 1121 2460 de
1136 2392 1388 2480 suprascriptis
1406 2381 1510 2461 rebus
1533 2391 1676 2469 exierit,
1702 2396 1738 2458 et
1761 2392 1934 2459 faciamus
1949 2393 2031 2458 inde
2047 2391 2138 2479 quod

281 2555 514 2632 voluerimus,
540 2555 672 2641 absque
696 2551 952 2622 contrarietate
975 2548 1087 2636 ipsius
1110 2548 1203 2634 petri
1227 2548 1328 2615 etde
1352 2547 1430 2615 eius
1452 2545 1652 2625 heredibus
1671 2547 1765 2634 quod
1792 2545 1918 2632 scripsi
1940 2566 2003 2634 ego
2027 2565 2140 2612 romo-

278 2709 385 2778 aldus
408 2711 584 2778 notarius.

327 2865 355 2956 †
379 2869 456 2952 Ego
479 2845 680 2933 romoaldus
704 2861 864 2930 notarius
887 2882 943 2929 me
966 2859 1168 2948 subscripsi.

332 3023 360 3112 †
383 3025 458 3108 Ego
481 3019 714 3107 truppoaldus
737 3017 898 3085 notarius
922 3037 978 3085 me
1000 3016 1207 3104 subscripsi.

1009 3335 1382 3352 *uu-*-

1113 3563 1297 3643 MCXI

1059 3839 1119 3914 A.
1146 3837 1203 3912 D.
1231 3837 1358 3914 1048

327 4071 356 4163 †
379 4075 418 4139 ln
447 4071 589 4139 nomine
612 4069 745 4140 domini
780 4068 958 4136 tricesimo
981 4069 1096 4156 primo
1119 4089 1212 4137 anno
1236 4071 1459 4158 principatus
1483 4067 1603 4137 domni
1638 4066 1748 4134 nostri
1773 4065 1966 4152 guaimarii
1990 4064 2137 4150 gloriosi

280 4225 465 4312 principis,
490 4225 527 4290 et
550 4223 684 4290 decimo
708 4241 805 4290 anno
827 4221 977 4288 ducatus
1000 4220 1076 4288 eius
1100 4221 1237 4287 amalfis
1261 4225 1298 4287 et
1318 4220 1487 4298 sirrenti,
1514 4223 1550 4286 et
1572 4220 1720 4306 septimo
1744 4239 1833 4287 anno
1857 4219 2139 4308 principatuset

280 4377 439 4466 ipsorum
462 4379 658 4446 ducatuum
682 4377 802 4444 domni
826 4376 946 4463 gisulfi
970 4375 1094 4442 eximii
1118 4372 1287 4462 principis
1314 4378 1351 4442 et
1374 4375 1473 4442 ducis
1497 4373 1560 4441 dlii
1585 4375 1685 4452 eius,
1711 4391 1830 4442 mense
1854 4374 2062 4448 december,
2087 4390 2141 4438 sc-

282 4533 399 4600 cunda
422 4531 629 4599 indictione.
654 4531 939 4598 Memoratorium
963 4532 1097 4597 factum
1120 4551 1142 4596 a
1166 4549 1221 4597 me
1244 4528 1342 4615 sergi
1365 4528 1458 4596 illius
1474 4528 1649 4615 quondam
1663 4527 1810 4594 iohanni
1833 4527 2036 4604 ioncatella,
2054 4528 2138 4593 ante

284 4685 467 4770 presentia
491 4683 674 4751 Ademarii
697 4681 836 4750 comitis
859 4684 896 4749 et
917 4681 1027 4750 iudici
1050 4683 1213 4768 prostitui
1240 4682 1314 4750 ursi
1337 4683 1409 4750 filio
1433 4681 1607 4770 quondam
1631 4681 1727 4748 leoni
1744 4680 1944 4768 quindecim
1961 4679 2061 4747 aurei
2085 4697 2138 4746 so-

284 4841 366 4910 lidis
390 4841 517 4909 denari
541 4859 612 4908 ana
635 4841 804 4926 quattuor
820 4856 890 4906 ana
913 4856 977 4924 per
1000 4837 1162 4914 solidum,
1181 4841 1221 4903 ut
1244 4838 1369 4904 amodo
1393 4841 1429 4905 et
1454 4857 1563 4926 usque
1580 4838 1715 4904 duobus
1739 4836 1826 4903 anni
1841 4835 2006 4924 completi
2029 4837 2135 4902 abero

286 5000 354 5086 ipsi
378 4995 484 5064 solidi
518 4998 555 5076 et
577 4997 695 5062 facere
719 4995 799 5062 inde
825 4995 917 5081 quod
941 4991 1117 5068 voluerit,
1143 4993 1179 5059 et
1202 4991 1240 5058 in
1263 4991 1430 5077 completi
1467 4990 1602 5058 duobus
1625 4993 1711 5058 anni
1735 4990 1797 5057 ille
1833 4989 1967 5057 eteius
1990 4988 2137 5056 heredes

281 5155 424 5220 retdero
460 5150 570 5218 michi
592 5150 732 5237 meique
756 5149 968 5226 heredibus,
993 5166 1055 5215 seu
1080 5147 1137 5214 cui
1162 5149 1303 5213 brebem
1327 5145 1394 5213 iste
1418 5146 1457 5213 in
1481 5165 1595 5232 manu
1613 5146 1798 5234 paruerit,
1836 5145 1898 5212 alii
1933 5145 2134 5232 quindecim

282 5305 362 5372 auri
385 5303 521 5372 solidos
544 5303 587 5370 de
610 5303 684 5370 tari
707 5321 777 5369 ane
801 5303 969 5388 quattuor
992 5299 1074 5366 auri
1089 5319 1153 5386 per
1168 5298 1295 5366 solidos
1319 5317 1399 5365 cum
1425 5299 1513 5386 pede
1536 5319 1600 5386 pro
1624 5298 1774 5376 ratione,
1794 5299 1964 5385 quomodo
1987 5317 2051 5385 per
2074 5317 2137 5364 an-

281 5477 365 5525 num
391 5457 473 5525 beni
498 5456 540 5523 de
565 5457 721 5544 quinque
744 5454 847 5522 solidi
871 5453 907 5520 in
930 5472 1006 5530 sex,
1024 5452 1067 5519 de
1083 5453 1188 5540 quale
1213 5451 1377 5518 meliores
1393 5455 1535 5518 moneta
1559 5451 1632 5518 illis
1656 5451 1779 5518 diebus
1795 5451 1991 5527 andaverit‚
2012 5453 2050 5516 ut
2072 5469 2136 5536 por

281 5616 389 5701 caput
406 5616 442 5680 et
457 5613 532 5681 sine
549 5613 673 5682 iuncta
688 5610 761 5678 illis
777 5610 863 5678 dare
879 5625 1073 5696 possamus,
1091 5609 1125 5674 et
1140 5605 1303 5696 apposuit
1319 5608 1355 5672 et
1370 5605 1545 5692 obligavit
1561 5605 1670 5672 michi
1694 5605 1820 5672 inclita
1836 5605 1978 5672 tertiam
1996 5608 2134 5693 partem
2166 5679 2169 5688 ¹

280 5770 323 5836 dc
347 5770 508 5836 omnibus
531 5766 650 5846 rebus,
676 5787 744 5854 que
768 5765 836 5834 suit
859 5764 968 5853 ipsius
991 5764 1085 5834 leoni
1108 5764 1264 5852 genitori
1288 5783 1374 5840 suo,
1401 5763 1494 5850 quod
1518 5763 1619 5831 abuit
1642 5763 1680 5830 in
1705 5766 1821 5831 locum
1845 5762 2052 5838 casiniano,
2078 5760 2136 5826 ubi
