5452 7108
1008 567 1432 643 omtouarlcus
1657 659 1661 664 .
2083 577 2102 645 r

294 749 366 797 non
392 729 615 840 dispereant3
642 730 678 795 et
700 747 764 814 per
786 728 901 794 omnis
925 747 1058 794 annum
1082 729 1156 798 illis
1180 730 1264 799 illut
1292 735 1435 801 salbum
1462 738 1594 802 abeant
1624 739 1662 802 et
1684 737 1895 822 potestatem
1919 740 2050 804 abeant
2080 737 2156 805 lilis

292 883 331 950 in
354 881 433 970 ipsa
457 883 651 950 traditione
673 883 809 950 omines
833 882 877 950 ad
900 884 1136 952 laborandum
1161 886 1320 962 mictere,
1347 888 1515 973 qualiter
1529 889 1723 955 voluerint.
1742 892 1787 956 Et
1802 891 1926 957 amodo
1950 894 1986 956 et
2016 909 2155 979 semper

289 1055 354 1123 per
378 1037 493 1104 omnis
517 1057 651 1105 annum
675 1039 749 1106 illis
773 1041 831 1105 vel
854 1039 999 1105 illorum
1023 1039 1171 1105 heredes
1195 1059 1258 1125 per
1282 1043 1443 1126 tempore
1459 1041 1635 1108 bindenrie
1651 1041 1788 1109 saciant
1802 1062 1858 1108 me
1875 1045 1932 1109 vel
1948 1063 2031 1131 pars
2044 1044 2154 1131 ipsius
2227 1042 2229 1046 ’

286 1191 440 1258 ecclesie
462 1191 570 1270 scire,
588 1195 629 1259 ut
643 1193 773 1260 ibidem
797 1193 1004 1296 dirigamus
1018 1192 1165 1260 missum
1189 1195 1361 1269 nostrum,
1380 1195 1416 1258 et
1432 1193 1507 1258 illis
1531 1193 1743 1279 assingnare
1760 1195 1804 1262 ad
1821 1195 1895 1281 ipso
1913 1195 2059 1263 missum
2075 1197 2152 1284 ipsa

288 1343 506 1411 tradictione
529 1347 645 1422 salba,
671 1345 764 1412 sicut
786 1345 970 1422 meruerit,
988 1345 1069 1412 etsi
1093 1345 1167 1412 illis
1191 1347 1275 1412 illut
1299 1346 1521 1413 vindemiare
1545 1349 1627 1413 abto
1657 1349 1816 1434 ternpore
1848 1349 1967 1434 ibique
1999 1350 2044 1416 ad
2075 1353 2153 1436 pal-

287 1499 449 1564 mentum
473 1501 510 1564 et
532 1498 607 1584 ipso
631 1499 754 1566 binum
778 1498 936 1568 dibidere
959 1518 1023 1587 per
1046 1499 1285 1576 medietatem,
1304 1499 1378 1586 ipso
1396 1499 1542 1566 missum
1559 1502 1665 1567 tollat
1679 1501 1765 1568 illut
1780 1501 2007 1570 medietatem
2022 1505 2059 1569 et
2074 1503 2150 1570 illis

288 1653 533 1731 medietatem,
562 1653 763 1722 faciendum
779 1674 843 1740 pro
858 1657 961 1742 parte
977 1655 1019 1721 de
1035 1674 1100 1721 sua
1122 1657 1217 1720 sorte
1242 1654 1333 1740 quod
1358 1653 1526 1720 boluerit:
1544 1654 1652 1720 sortio
1668 1654 1711 1720 de
1727 1673 1811 1740 pars
1827 1655 1985 1741 predicte
2002 1658 2150 1726 ecclesie

288 1805 363 1872 illis
387 1806 474 1872 illut
497 1809 647 1892 reponat
669 1807 708 1873 in
730 1825 901 1892 organea,
920 1825 987 1893 que
1003 1807 1147 1872 illorum
1172 1805 1488 1892 assingaberirnus,
1507 1810 1543 1873 ct
1558 1827 1622 1892 per
1645 1806 1720 1874 illis
1743 1807 1822 1892 ipsa
1836 1827 1995 1894 organea
2011 1828 2150 1896 semper

287 1959 379 2026 liant
404 1963 496 2026 bona
519 1959 682 2026 conciata
705 1960 741 2024 et
763 1959 933 2036 studiata,
959 1962 995 2024 et
1024 1959 1121 2026 intus
1145 1959 1222 2044 ipsa
1245 1979 1329 2026 casa
1360 1961 1477 2046 posita
1508 1963 1641 2046 etipse
1673 1960 1796 2027 binum
1826 1963 1967 2029 salbum
1998 1962 2145 2036 faciant,

289 2113 375 2180 dum
398 2114 486 2180 illut
509 2113 591 2180 inde
615 2115 816 2193 tulerimus
843 2117 975 2202 absque
998 2115 1275 2200 degeneratione
1287 2117 1324 2180 et
1339 2115 1460 2200 ingne,
1478 2117 1515 2181 et
1530 2113 1693 2202 quicquit
1716 2114 1766 2181 ibi
1789 2115 2057 2194 seminaberint,
2074 2116 2148 2183 sibe

284 2267 318 2334 si
342 2267 524 2334 boluerint
546 2268 586 2335 in
609 2287 693 2355 pars
716 2269 979 2354 septemtrionis
1003 2269 1041 2335 in
1064 2268 1188 2355 paduli
1212 2286 1280 2355 que
1305 2267 1382 2354 ipsa
1406 2267 1558 2334 ecclesia
1581 2285 1649 2354 que
1679 2267 1729 2334 ibi
1754 2270 1848 2345 abet,
1873 2271 2051 2336 seminare
2073 2271 2148 2338 sibe

288 2423 412 2488 ortora
435 2422 616 2489 boluerint
639 2379 770 2497 iacere,
796 2424 1006 2507 potestatem
1031 2423 1174 2496 abeant,
1202 2420 1303 2486 etde
1327 2420 1405 2505 ipsa
1429 2419 1642 2486 tradictione
1666 2423 1702 2485 et
1724 2419 1767 2486 de
1795 2419 1863 2506 ipsi
1892 2421 2015 2506 paduli
2038 2421 2148 2488 deant

284 2572 369 2642 inde
394 2574 505 2642 michi
528 2577 585 2642 vel
609 2575 648 2642 in
671 2593 755 2660 pars
779 2574 937 2660 predicte
960 2573 1109 2640 ecclesie
1133 2572 1253 2657 ibique
1277 2571 1322 2636 ad
1345 2571 1461 2638 airam
1486 2571 1695 2637 terraticum
1720 2571 1912 2638 secundum
1933 2575 2146 2641 consuetudo
2178 2533 2182 2538 .

282 2727 325 2793 de
342 2726 419 2814 ipso
435 2729 563 2794 locum:
584 2728 729 2830 tantum
744 2744 807 2811 per
823 2728 981 2810 tempore
997 2725 1045 2791 de·
1056 2725 1133 2792 aire
1148 2725 1259 2792 saciat
1274 2743 1337 2790 nos
1353 2723 1445 2790 scire
1461 2743 1526 2809 per
1541 2724 1655 2790 omnis
1672 2744 1805 2791 annum
1821 2744 1885 2810 pro
1902 2725 2144 2812 recipiendum

280 2879 357 2966 ipso
374 2879 598 2956 terraticum,
618 2881 658 2946 ut
673 2879 723 2946 ibi
747 2879 945 2964 dirigamus
961 2879 1107 2944 missum
1123 2882 1284 2945 nostrum
1300 2881 1337 2944 et
1351 2896 1502 2965 semper,
1521 2877 1661 2964 quando
1679 2880 1836 2956 boluero,
1854 2897 1919 2964 ego
1935 2881 2145 2965 potestatem
2262 2910 2265 2920 ·

280 3035 451 3100 abeamus
475 3031 609 3099 ibidem
632 3051 783 3117 pergere
798 3051 862 3118 pro
879 3031 1133 3118 requirendum
1158 3031 1235 3118 ipsa
1259 3034 1377 3109 rebus,
1395 3032 1470 3099 sibe
1495 3051 1573 3117 ego,
1599 3031 1674 3099 sibe
1697 3050 1781 3118 pars
1805 3031 1916 3117 ipsius
1931 3030 2092 3107 ecclesie;
2110 3034 2146 3096 et
2208 3066 2219 3134 '.

281 3203 347 3272 per
371 3183 562 3262 bindemie,
587 3185 697 3251 donec
722 3185 771 3250 ibi
794 3185 936 3251 steterit
958 3205 1022 3272 pro
1045 3186 1121 3271 ipso
1145 3184 1227 3252 bino
1252 3183 1497 3270 recipiendum
1521 3187 1557 3250 et
1582 3203 1647 3270 per
1671 3187 1828 3271 tempore
1851 3185 1894 3251 de
1925 3185 2028 3262 aire,
2061 3186 2145 3252 dum

281 3357 345 3424 pro
370 3337 446 3424 ipso
470 3337 683 3404 terraticum
699 3337 749 3404 ibi
764 3337 916 3417 steterit,
942 3341 979 3404 et
1002 3337 1143 3425 quando
1166 3357 1231 3422 ego
1248 3337 1297 3404 ibi
1314 3343 1520 3424 perrexero,
1538 3338 1696 3424 qualiter
1712 3337 1800 3416 dixi,
1819 3338 1894 3405 illis
1910 3357 1972 3405 nos
1988 3339 2139 3415 nutrire,

279 3491 375 3558 sicut
400 3489 575 3557 meruerit
597 3493 634 3556 et
656 3489 766 3557 luerit
788 3491 934 3558 illorum
957 3491 1217 3577 possibilitate,
1242 3493 1279 3557 et
1301 3489 1560 3576 palmentatica
1583 3493 1619 3556 et
1645 3490 1798 3557 airatica
1821 3492 1866 3558 ad
1889 3493 1964 3578 ipso
1998 3492 2143 3559 missum

179 3627 187 3642 ’
279 3645 368 3711 dare
392 3663 456 3730 per
479 3642 594 3710 omnis
618 3662 752 3710 annum
776 3644 970 3710 secundum
993 3643 1207 3710 consuetudo
1232 3642 1274 3709 de
1298 3643 1373 3729 ipso
1398 3644 1527 3720 locum,
1545 3646 1582 3709 et
1605 3644 1730 3730 quanti
1747 3643 1881 3710 caballi
1897 3646 1934 3709 et
1948 3644 2059 3711 omini
2074 3645 2144 3712 mei

278 3815 343 3885 per
367 3796 446 3883 ipsa
472 3800 634 3884 tempora
655 3797 787 3865 ibidem
811 3798 1059 3874 direxerimus,
1084 3797 1159 3864 illis
1183 3816 1264 3863 eum
1288 3796 1436 3872 notrire,
1462 3797 1555 3864 sicut
1578 3796 1762 3875 meruerit,
1788 3800 1824 3863 et
1847 3797 1915 3883 ipsi
1939 3797 2072 3864 caballi
2086 3797 2142 3864 sui

242 3983 246 3994 ·
279 3952 484 4020 nutriemus
508 3953 554 4020 ad
578 3953 725 4020 ordeum
748 3955 785 4018 et
807 3954 912 4040 palea
934 3955 1027 4021 sicut
1049 3905 1248 4030 meruerit}
1274 3955 1416 4018 tanturn
1440 3954 1485 4018 ab
1508 3951 1576 4038 ipsi
1606 3955 1684 4019 octo
1709 3952 1795 4020 anni
1828 3954 2007 4042 completi,
2033 3953 2139 4040 quale

278 4107 445 4193 tempore
468 4106 546 4174 illis
569 4108 627 4173 vel
649 4107 797 4174 illorum
821 4106 943 4172 eredes
978 4106 1123 4191 integra
1156 4105 1234 4190 ipsa
1268 4104 1484 4173 tradictione
1518 4109 1642 4172 tenere
1677 4109 1714 4172 et
1744 4107 2139 4188 laborarenoluerint,

254 4215 256 4218 Ι
277 4259 407 4326 inclita
430 4259 508 4346 ipsa
531 4259 745 4326 tradictione
768 4263 916 4346 operata
932 4261 968 4326 et
982 4262 1084 4326 surta
1100 4259 1143 4324 de
1160 4261 1249 4324 bono
1265 4259 1463 4335 arbustum,
1481 4261 1529 4336 et,
1549 4259 1609 4326 ubi
1626 4259 1810 4336 meruerit,
1828 4261 1928 4328 clusa
1951 4262 2142 4330 remiciant

286 4412 331 4478 ad
357 4431 441 4498 pars
464 4395 623 4499 predicte
647 4412 809 4489 ecclesie,
835 4412 1037 4479 faciendum
1062 4429 1130 4496 que
1154 4410 1334 4486 boluerit,
1360 4411 1445 4477 inde
1468 4413 1608 4477 etcum
1638 4411 1717 4498 ipsa
1748 4417 1832 4480 casa
1861 4417 1898 4480 et
1921 4433 2081 4500 organea
2103 4417 2140 4482 et

280 4567 505 4652 palmentum
529 4568 642 4632 totum
667 4568 796 4632 bonum
820 4564 913 4631 sicut
935 4563 1134 4638 meruerit,
1161 4566 1197 4628 et
1220 4563 1336 4630 licead
1371 4564 1448 4652 illis¹
1483 4564 1565 4630 inde
1600 4565 1701 4631 exire
1732 4585 1813 4633 cum
1847 4567 1961 4634 omnis
1996 4569 2140 4636 illorum

278 4737 402 4786 causa.
429 4721 474 4785 Et
496 4718 630 4803 guadia
657 4717 766 4784 michi
790 4717 858 4804 ipsi
881 4717 1115 4803 suprascripti
1140 4718 1233 4803 petri
1257 4721 1293 4784 et
1316 4718 1472 4804 iaquinti
1496 4720 1685 4797 dederunt,
1711 4724 1747 4786 et
1766 4685 2005 4790 fideiussorem
2027 4725 2138 4792 michi

276 4875 474 4960 posuerunt
496 4871 634 4938 cicerus
659 4868 853 4954 ardingum
877 4868 920 4936 de
943 4870 1064 4936 eodem
1081 4872 1156 4937 loco
1171 4871 1267 4938 filius
1291 4873 1470 4958 quondam
1502 4873 1673 4952 iohanni;
1699 4879 1736 4942 et
1751 4895 1815 4962 per
1830 4877 1943 4962 ipsam
1967 4877 2136 4964 guadiam

276 5023 532 5108 obligaberunt
554 5040 591 5088 se
615 5023 651 5087 et
674 5020 820 5088 illorum
844 5021 1018 5098 heredes,
1045 5026 1084 5088 ut
1107 5022 1136 5088 si
1160 5023 1281 5090 omnia
1304 5026 1549 5114 suprascripta
1572 5028 1681 5096 michi
1705 5032 1762 5096 vel
1798 5031 1836 5098 in
1865 4983 1949 5118 pars
1979 5031 2136 5118 predicte

274 5175 432 5244 ecclesie
455 5194 527 5242 non
557 5174 837 5261 adinpleberint,
863 5174 965 5240 etde
988 5175 1234 5262 suprascripta
1257 5177 1388 5261 aliquit
1403 5177 1486 5244 inde
1502 5181 1798 5260 contradixerint,
1816 5203 1880 5270 per
1903 5185 1981 5271 ipsa
2003 5185 2136 5272 guadio

274 5328 533 5414 obligaberunt
555 5346 592 5394 se
615 5327 683 5413 ipsi
709 5330 832 5413 petrus
855 5330 891 5393 et
914 5327 1097 5414 iaquintus
1120 5332 1157 5395 et
1179 5329 1325 5396 illorum
1350 5331 1499 5399 heredes
1516 5352 1725 5420 componere
1741 5335 1863 5414 michi,
1890 5341 1948 5404 vel
1973 5339 2018 5406 ad
2042 5359 2136 5408 meos
2191 5411 2196 5422 ,

273 5498 511 5588 successores,
529 5481 587 5588 rel
603 5479 642 5546 in
665 5497 749 5566 pars
779 5477 938 5566 predicte
954 5480 1102 5546 ecclesie
1126 5483 1268 5548 centum
1293 5483 1373 5550 auri
1399 5484 1531 5550 solidos
1555 5487 1871 5567 constantinianos,
1890 5491 1981 5577 quod
2005 5492 2131 5580 scripsi
2157 5497 2166 5516 ⁸

245 5663 251 5670 ·
288 5652 356 5720 ego
381 5633 586 5720 romoaldus
609 5632 782 5700 notarius
871 5607 878 5620 ’

320 5787 347 5878 †
373 5791 447 5874 Ego
470 5791 593 5876 petrus
616 5787 778 5854 notarius
803 5807 858 5854 me
882 5789 1087 5876 subscripsi.

318 5940 347 6032 †
371 5945 445 6029 Ego
469 5943 633 6010 alderissi
657 5942 818 6010 notarius
843 5962 899 6010 me
925 5943 1129 6029 subscripsi.
