5454 7104
961 479 1417 556 utpuoua'rluus
2013 481 2077 556 mi

271 678 383 755 illud,
410 679 502 766 quod
528 678 565 746 in
589 677 665 764 ipsa
691 678 800 746 tertia
822 679 917 744 sorte
941 675 1146 745 adiunctum
1171 680 1236 750 est,
1262 697 1343 744 oum
1367 675 1475 746 terris
1498 679 1675 764 quaeunt
1699 677 1870 746 benefloia
1885 677 1997 764 ipsius
2020 677 2132 745 ecole-

273 831 351 908 sie,
376 835 413 898 et
435 835 520 900 sunt
541 832 639 932 intra
662 833 751 900 illud
771 881 779 908 ,
805 833 897 921 quod
921 833 959 900 in
982 833 1096 920 ipsam
1118 833 1310 914 seeundam
1334 834 1371 898 et
1393 833 1539 900 tertiam
1561 834 1675 901 sortes
1697 832 1907 901 adiunctum
1931 835 2010 909 est,
2036 852 2130 900 oom-

272 987 431 1056 muniter
456 987 552 1054 inter
575 986 667 1075 ipsos
689 1007 875 1074 germanos
890 991 927 1054 et
943 1005 1066 1055 eorum
1082 987 1232 1054 heredes
1255 987 1471 1062 habendum,
1497 986 1680 1055 reseruari
1695 1005 1776 1055 oum
1800 987 1877 1054 vice
1899 987 1943 1056 de
1960 987 2028 1055 viis
2042 987 2127 1054 suia.

271 1145 314 1210 Et
338 1141 490 1210 adiunxi
514 1142 551 1212 in
574 1143 640 1212 ista
664 1146 760 1210 sorte
782 1142 825 1210 de
848 1142 935 1228 ipsis
959 1146 1065 1210 rebus
1088 1141 1231 1210 illorum
1254 1142 1298 1208 de
1321 1141 1443 1209 eodem
1459 1141 1536 1209 loeo
1561 1161 1630 1228 que
1654 1142 1796 1210 suerunt
1811 1142 1924 1227 ipsius
1948 1143 2022 1210 ursi
2038 1144 2130 1211 soul-

272 1297 350 1366 dais
373 1316 438 1380 per
460 1299 547 1366 fines
569 1300 606 1364 et
629 1315 842 1364 mensuras:
869 1299 899 1361 A
923 1299 1026 1382 parte
1049 1295 1315 1382 septemtrionis
1338 1295 1408 1362 fine
1432 1295 1550 1373 illud,
1577 1296 1672 1384 quod
1695 1296 1733 1364 in
1756 1297 1834 1382 ipsa
1856 1296 2013 1364 secunda
2035 1299 2129 1364 sorte

176 1457 180 1466 '
271 1452 478 1520 adiunctum
502 1453 582 1518 est:
624 1453 780 1537 Aperte
803 1451 953 1520 orientis
975 1451 1047 1518 fine
1072 1452 1146 1538 ipse
1169 1452 1297 1519 fluvius
1320 1455 1357 1518 et
1381 1453 1580 1520 mensurati
1604 1453 1704 1520 intra
1728 1453 1824 1540 ipsas
1847 1471 1931 1530 res,
1957 1455 2128 1538 quantum

269 1599 351 1692 pl'us
374 1607 470 1674 reete
495 1625 603 1693 prope
627 1603 739 1694 ipsum
762 1606 908 1674 fluvium
932 1606 1134 1674 mensurari
1157 1609 1315 1693 possunt,
1341 1607 1437 1695 passi
1463 1607 1656 1694 nonaginta
1680 1627 1756 1676 sex.
1784 1609 1941 1695 Aperte
1965 1607 2127 1676 meridiei

269 1761 339 1828 fine
366 1762 549 1829 fossatum:
576 1763 605 1826 A
631 1765 734 1848 parte
758 1762 950 1830 occidentis
972 1764 1041 1830 flne
1057 1763 1136 1850 ipsa
1160 1761 1220 1830 via
1248 1766 1285 1830 θῖ
1300 1763 1395 1850 passi
1412 1764 1623 1849 nonaginta.
1651 1765 1697 1830 Et
1722 1762 1872 1830 adiunxi
1896 1763 1934 1830 in
1950 1761 2019 1830 ista
2034 1765 2129 1829 sorte

277 1915 323 1980 de
346 1915 423 2000 ipsa
447 1917 546 1982 terra
561 1915 710 1983 illorum
734 1935 815 1983 oum
830 1917 962 1984 olibeta
986 1919 1022 1983 et
1037 1935 1148 1983 vacuo
1172 1915 1215 1982 de
1231 1916 1354 1983 eodem
1378 1917 1455 1983 looo
1470 1916 1633 1984 tusciano
1658 1919 1773 2004 parte.
1802 1918 1950 2002 Aperte
1967 1915 2129 1984 meridiei

272 2087 343 2153 per
369 2068 455 2135 flues
479 2072 515 2136 et
538 2087 737 2138 mensuras:
762 2071 791 2136 A
815 2073 918 2156 parte
934 2069 1197 2163 septemtrionis
1221 2071 1289 2136 ilne
1313 2067 1415 2148 illud,
1433 2071 1525 2157 quod
1550 2070 1588 2136 in
1614 2070 1692 2156 ipsa
1717 2070 1875 2138 secunda
1888 2073 1983 2138 sorte
2006 2069 2132 2137 adiun-

268 2227 366 2290 otum
389 2225 456 2290 est:
482 2225 511 2290 A
535 2227 639 2310 parte
662 2224 811 2292 orientis
833 2225 902 2290 fine
927 2223 1001 2310 ipse
1024 2223 1151 2289 fluvius
1174 2225 1211 2289 et
1234 2222 1430 2289 mensurati
1449 2224 1624 2308 quantum
1648 2223 1729 2307 plus
1755 2223 1855 2288 reete
1879 2239 1988 2307 prope
2012 2221 2127 2306 ipsum

271 2375 418 2441 fluvium
443 2374 646 2440 mensurari
670 2375 828 2460 possunt,
847 2373 939 2460 passi
963 2372 1093 2458 viginti
1117 2374 1197 2440 duo.
1224 2377 1254 2439 A
1278 2375 1378 2461 parte
1404 2374 1566 2442 meridiei
1591 2376 1660 2442 fine
1685 2377 1785 2441 terra
1808 2393 1944 2441 eorum:
1970 2373 2000 2438 A
2025 2376 2127 2460 parte

266 2527 461 2594 occidentis
483 2529 553 2596 tine
576 2527 653 2614 ipsa
677 2549 783 2616 aqua,
802 2547 870 2616 que
893 2529 972 2596 fluit
995 2527 1131 2614 adipsa
1155 2528 1300 2604 molina,
1318 2531 1354 2593 et
1378 2527 1588 2602 mensurati,
1608 2527 1783 2614 quantum
1806 2529 1887 2611 plus
1904 2528 1999 2592 reete
2016 2545 2127 2612 prope

276 2683 391 2766 ipsam
414 2699 545 2769 aquam
562 2679 762 2750 mensurari
785 2685 944 2770 possunt,
958 2683 1054 2770 passi
1078 2680 1207 2768 viginti
1223 2701 1300 2752 sex.
1327 2685 1371 2748 ut
1394 2682 1662 2768 omnitempore
1686 2680 1734 2747 sit
1759 2681 1819 2748 via
1842 2700 1906 2768 per
1930 2680 2020 2748 illud
2036 2680 2130 2764 quod

269 2832 309 2900 in
333 2833 428 2919 ipsas
451 2835 594 2902 tertiam
618 2839 655 2902 et
676 2835 870 2902 secundam
893 2837 1026 2902 sortem
1050 2833 1257 2900 adiunctum
1282 2832 1398 2900 estin
1423 2837 1527 2919 parte
1550 2831 1768 2910 occidentis,
1794 2851 1858 2919 per
1881 2851 1989 2918 quam
2012 2829 2068 2898 illi
2091 2833 2129 2896 et

266 2987 414 3054 illorum
438 2989 598 3066 heredes,
623 2991 660 3056 et
682 2989 842 3056 homines
867 3007 953 3077 quos
978 2987 1046 3074 ipsi
1071 2987 1253 3081 voluerint
1276 3005 1354 3053 oum
1379 2987 1544 3055 omnibus
1567 2986 1714 3053 illorum
1739 2984 2050 3072 congruitatibuS,
2077 2988 2131 3052 iro

268 3149 305 3210 et
329 3143 449 3212 redire
471 3143 607 3232 possint
629 3143 734 3212 iuxta
758 3144 945 3212 rationem.
986 3145 1040 3209 Ex
1064 3144 1130 3210 hoe
1154 3143 1226 3210 toto
1251 3142 1318 3209 feei
1342 3161 1419 3209 esse
1445 3141 1589 3210 tertiam
1630 3145 1762 3210 sortem
1787 3161 1869 3231 oum
1892 3140 1969 3208 vioe
1992 3141 2036 3208 de
2060 3141 2127 3208 viis

265 3299 341 3367 suis
365 3274 811 3386 suprascriptis‘mensuris
835 3299 928 3365 iusto
951 3315 1057 3384 passu
1081 3297 1234 3364 hominis
1250 3297 1480 3364 mensuratis.
1507 3297 1769 3364 Verumtamen
1793 3299 1858 3364 hoo
1875 3315 2124 3370 memoramus,

265 3451 439 3538 quoniam
463 3452 525 3518 ubi
547 3449 709 3536 superius
734 3447 769 3518 in
794 3450 951 3539 quinque
975 3453 1139 3537 virgulas
1162 3449 1335 3537 seriptum
1371 3453 1426 3518 est
1449 3469 1514 3537 per
1538 3449 1660 3554 ipsam·
1689 3449 1785 3516 viam
1810 3449 2007 3518 mensurati
2030 3448 2126 3537 passi

264 3611 410 3676 centum
433 3606 586 3693 triginta
609 3610 646 3672 et
668 3624 731 3673 sen
756 3607 918 3673 erratum
941 3608 1015 3682 est,
1042 3605 1209 3693 quoniam
1234 3609 1318 3672 sunt
1342 3605 1392 3673 ioi
1416 3623 1512 3691 passi
1537 3607 1683 3672 eentum
1708 3605 1969 3694 quinquaginta
1992 3608 2028 3673 et
2051 3565 2128 3692 sep-

267 3769 342 3832 tem
364 3785 371 3829 :
397 3765 442 3832 Et
466 3761 525 3828 uiri
548 3761 712 3848 superius
735 3761 906 3847 seriptum
930 3763 984 3827 est
1007 3761 1046 3828 in
1070 3763 1147 3846 ipsa
1169 3759 1325 3828 secunda
1347 3764 1443 3828 sorte
1468 3763 1543 3830 alia
1567 3760 1704 3848 peciola
1727 3780 1795 3848 que
1818 3761 1952 3828 dieitur
1976 3760 2022 3828 ad
2044 3779 2127 3829 san·

263 3920 364 3984 otum
387 3915 611 3992 eustasium,
636 3933 705 4002 que
729 3917 887 3981 osteum
910 3917 1082 3992 arbusto,
1110 3933 1217 4002 quam
1242 3916 1401 3982 retinent
1423 3933 1601 4004 speramus
1626 3916 1887 3991 maonatrulla,
1923 3918 2023 3982 tenet
2045 3933 2124 3983 eam

265 4075 344 4150 ipse
366 4089 542 4159 sparanus
566 4069 800 4138 maonatrulla
823 4072 860 4135 et
883 4070 1081 4144 iohannes,
1118 4069 1180 4155 qui
1215 4068 1348 4136 dieitur
1372 4073 1519 4146 zurani,
1561 4053 1597 4136 et
1620 4088 1690 4136 non
1716 4071 1770 4136 est
1796 4071 1871 4137 tota
1894 4068 2064 4138 adiuncta
2087 4072 2125 4138 in

260 4243 345 4310 ipsa
368 4225 525 4292 secunda
547 4226 654 4302 sorte,
672 4221 735 4290 sed
757 4223 931 4290 medietas
954 4223 1031 4290 eius
1054 4222 1092 4290 in
1116 4224 1219 4308 parte
1242 4220 1406 4290 orientis.
1431 4223 1517 4290 Oum
1541 4223 1661 4290 autem
1686 4227 1764 4308 ipsa
1786 4222 1921 4310 scripta
1944 4223 2038 4292 lecta
2054 4225 2127 4294 sue·
2181 4236 2188 4246 ·

264 4381 367 4457 runt,
392 4381 528 4466 primus
543 4377 618 4465 ipse
634 4377 817 4466 paldulsus
840 4375 1103 4464 comprehensit
1125 4375 1406 4462 suprascriptam
1431 4377 1584 4462 primam
1608 4381 1753 4455 sortem,
1780 4379 1938 4468 qualiter
1960 4381 2124 4468 superius

264 4533 367 4600 faeta
389 4535 455 4612 est,
482 4551 563 4600 oum
587 4533 747 4602 omnibus
771 4553 840 4620 que
864 4532 963 4600 intra
985 4551 1065 4600 eam
1089 4535 1186 4610 sunt,
1211 4527 1419 4621 cunctisque
1443 4532 1494 4599 eis
1518 4533 1748 4620 pertinentiis
1764 4581 1771 4610 ,
1790 4535 1836 4603 ad
1859 4535 2059 4604 faciendum
2083 4537 2125 4604 de

264 4705 311 4754 ea
337 4687 397 4754 ille
420 4687 556 4755 eteius
579 4687 741 4764 heredes
766 4686 860 4774 quod
884 4687 1076 4754 voluerint.
1117 4682 1295 4754 Secundus
1319 4686 1395 4772 ipse
1418 4686 1567 4754 domnus
1590 4686 1699 4772 guido
1723 4689 1987 4775 comprehensit
2009 4687 2122 4777 ipsam

259 4839 460 4908 secundam
484 4842 628 4918 sortem,
647 4839 803 4927 qualiter
827 4839 989 4927 superius
1004 4840 1099 4908 saeta
1123 4841 1189 4918 est,
1207 4858 1287 4906 oum
1303 4836 1464 4908 omnibus
1488 4859 1556 4928 que
1580 4840 1679 4909 intra
1703 4861 1783 4910 eam
1799 4845 1896 4920 sunt,
1913 4844 2121 4931 cunctisque

260 4996 345 5062 eius
368 4995 621 5080 pertinentiis,
655 4995 701 5064 ad
725 4995 926 5064 faciendum
950 4995 994 5064 de
1016 5015 1060 5063 ea
1082 4995 1147 5064 ille
1170 4995 1306 5064 eteius
1329 4993 1507 5072 heredes,
1533 4993 1626 5082 quod
1650 4996 1842 5064 voluerint.
1884 4999 2023 5064 Tertius
2046 4998 2121 5084 ipse

259 5149 415 5218 domnus
438 5150 663 5236 guaimarius
679 5151 844 5239 princeps
867 5154 904 5220 et
926 5150 1000 5218 dux
1024 5150 1288 5237 comprehensit
1304 5149 1417 5236 ipsam
1441 5148 1591 5217 tertiam
1614 5152 1758 5226 sortem,
1775 5150 1941 5238 ¹qualiter
1956 5153 2121 5239 superius

257 5305 363 5372 saeta
387 5307 454 5382 est,
482 5325 562 5372 oum
586 5309 748 5376 omnibus
772 5325 840 5394 que
865 5307 963 5374 intra
986 5324 1065 5372 eam
1089 5305 1173 5372 sunt
1195 5304 1403 5391 cunctisque
1426 5304 1478 5372 eis
1501 5304 1756 5392 pertinentiis,
1782 5305 1828 5372 ad
1853 5305 2053 5374 faciendum
2077 5307 2120 5375 de

258 5479 308 5527 ea
333 5461 398 5529 ille
422 5464 459 5528 et
482 5461 558 5528 eius
581 5460 758 5539 heredes,
784 5459 877 5548 quod
901 5457 1091 5526 voluerint.
1128 5461 1174 5528 Et
1197 5479 1261 5547 per
1284 5460 1571 5530 convenientiam
1596 5461 1664 5550 ipsi
1687 5459 1835 5530 domnus
1858 5461 1966 5548 guido
1989 5465 2026 5529 et
2047 5460 2122 5550 pai-

256 5615 388 5684 dulsus
410 5614 545 5701 guadia
568 5615 636 5704 ipsi
660 5621 818 5684 mascino
841 5634 905 5704 pro
928 5615 1031 5701 parte
1054 5614 1165 5702 ipsius
1187 5615 1306 5685 domui
1331 5616 1503 5706 principis
1527 5619 1564 5685 et
1586 5617 1686 5684 duois
1709 5615 1897 5696 dederunt,
1922 5620 1960 5685 et
1981 5618 2121 5688 fideius-

256 5788 366 5838 sores
389 5771 423 5839 ei
446 5790 511 5858 pro
536 5771 634 5837 iliius
657 5772 760 5856 parte
798 5772 993 5855 posuerunt
1039 5773 1112 5858 ipse
1135 5768 1285 5838 domnus
1315 5771 1425 5858 guido
1457 5768 1649 5838 atenolfum
1672 5771 1786 5838 fllium
1811 5771 1988 5859 quondam
2012 5772 2139 5842 alfani⁴
