5454 7104
613 479 679 550 111
1267 472 1439 548 CODEX
1470 474 1736 547 CAVENSIS

561 670 705 758 planis,
730 689 811 736 cum
833 668 997 736 omnibus
1021 687 1090 754 que
1112 669 1210 737 intra
1233 668 1345 756 ipsam
1370 670 1514 738 tertiam
1538 673 1679 756 partem
1702 672 1812 746 sunt,
1838 669 2045 757 cunctisque
2068 669 2145 736 eius
2168 667 2408 756 pertinentiis,

555 828 597 892 et
620 844 702 892 cum
727 823 802 890 vice
825 824 868 891 de
892 823 959 891 viis
982 823 1068 902 suis;
1085 842 1130 892 ea
1153 824 1304 902 ratione,
1330 827 1370 891 ut
1392 841 1533 910 semper
1555 825 1603 892 sit
1626 827 1664 891 in
1687 793 1861 912 potestate
1883 824 1995 910 ipsius
2017 821 2243 910 maghenolfl;
2261 823 2296 888 et
2318 823 2419 888 here·

550 976 639 1045 dum
664 973 764 1045 illius
783 1001 791 1054 3
818 980 863 1044 Et
885 977 995 1046 liceat
1017 978 1128 1046 iilum
1152 983 1188 1046 et
1211 979 1287 1046 eius
1311 979 1460 1047 heredes
1483 979 1527 1046 de
1550 998 1594 1047 ea
1616 981 1735 1046 tacere
1758 977 1849 1066 quod
1885 977 2074 1044 volueriut.
2110 979 2262 1044 Tantum
2295 976 2338 1043 de
2361 994 2418 1042 su·

558 1131 769 1218 proscriptis
792 1134 898 1200 rebus
921 1131 964 1198 de
988 1134 1066 1200 loco
1090 1150 1204 1218 angre
1226 1133 1304 1220 ipsa
1326 1151 1469 1218 gemma
1495 1133 1725 1218 exceptuabit
1747 1135 1920 1219 quantum
1944 1150 1990 1198 ex
2013 1131 2064 1198 eis
2088 1131 2246 1200 retinent
2267 1129 2416 1196 heredes

554 1283 690 1350 stefani
714 1282 884 1360 silvestri,
911 1283 1003 1370 quod
1026 1286 1081 1350 est
1105 1287 1303 1370 propinquo
1327 1284 1418 1352 casis
1444 1286 1600 1372 ipsorum
1624 1283 1795 1352 heredum
1819 1283 1930 1372 ipsius
1952 1283 2095 1360 stefani,
2114 1253 2207 1370 guod
2230 1282 2307 1370 ipsa
2322 1300 2420 1368 gem-

554 1457 616 1504 ma
640 1437 754 1504 eidem
790 1440 1019 1526 maghenolso
1059 1458 1128 1506 non
1164 1439 1337 1506 vendidit.
1378 1443 1422 1506 Et
1446 1443 1592 1527 propter
1617 1437 1919 1508 confirmationem
1954 1439 2059 1506 huius
2094 1429 2306 1512 venditionis
2340 1438 2418 1524 ipsa

556 1611 703 1678 gemma
727 1591 883 1678 suscepit
906 1593 960 1659 nb
985 1591 1059 1677 ipso
1084 1593 1309 1677 maghenoifo
1333 1586 1506 1660 statutum
1530 1593 1685 1701 pretium
1725 1593 1806 1660 auri
1828 1597 1972 1661 tarenos
1995 1594 2124 1680 viginti
2159 1595 2237 1661 octo
2261 1589 2415 1662 inomni

549 1745 834 1812 deliveratione.
860 1747 905 1811 Et
928 1765 991 1831 per
1016 1745 1302 1813 convenientiam
1326 1747 1347 1831 i1
1360 1767 1400 1813 sa
1423 1766 1576 1832 gemma,
1601 1765 1719 1813 secum
1744 1748 1877 1813 habens
1902 1747 2016 1833 ipsum
2040 1750 2330 1832 procuratorem,
2363 1765 2417 1811 se-

553 1900 715 1967 cundnm
742 1899 858 1984 legem
884 1903 920 1964 et
944 1917 1171 1966 romanorum
1197 1900 1500 1978 consuetudinem,
1526 1901 1695 1986 guadiam
1720 1903 1786 1988 ipsi
1810 1904 2036 1987 maghenolso
2059 1901 2182 1978 dedit,
2220 1902 2256 1967 et
2277 1898 2416 1966 fideius-

552 2077 674 2126 sorem
699 2058 732 2124 ei
756 2058 873 2144 posuit
897 2059 1067 2124 Altanum
1091 2059 1204 2126 filiurn
1229 2060 1406 2146 quondam
1431 2059 1524 2144 petri
1541 2057 1678 2124 clerici.
1705 2060 1750 2122 Et
1772 2075 1836 2142 per
1860 2057 1972 2142 ipsam
1996 2055 2166 2140 guadiam
2188 2052 2362 2138 obligavit
2377 2069 2414 2118 se

552 2215 596 2278 et
621 2229 703 2278 suos
726 2212 875 2279 heredes
899 2230 1040 2298 semper
1063 2211 1257 2278 defendere
1282 2212 1348 2298 ipsi
1371 2212 1597 2298 maghenolso
1620 2214 1658 2277 et
1680 2210 1776 2278 iliius
1800 2209 1988 2276 heredibus
2002 2207 2181 2292 integram
2197 2205 2416 2293 suprascrip-

558 2369 631 2430 tam
659 2365 898 2433 venditionem
923 2368 969 2432 ab
993 2361 1153 2432 omnibus
1181 2365 1394 2433 hominibus.
1437 2365 1630 2434 Ettribuit
1652 2367 1719 2453 ipsi
1742 2333 1976 2448 maghenolso'
1991 2359 2186 2437 licent,iam
2212 2361 2252 2426 ut
2274 2358 2415 2447 quando

556 2519 681 2586 ilicet
668 2519 782 2587 teius
806 2519 955 2587 heredes
979 2520 1433 2606 voluerinbtpotestatcm
1459 2521 1617 2586 habeant
1640 2517 1926 2605 suprascriptam
1950 2513 2188 2582 venditionem
2213 2533 2276 2599 per
2298 2533 2336 2581 se
2359 2513 2417 2579 de·

552 2675 715 2752 tendere,
741 2675 901 2762 qualiter
925 2675 1116 2752 voluerint,
1144 2695 1224 2742 cum
1247 2676 1410 2743 omnibus
1432 2670 1685 2742 muniminibus
1709 2676 1745 2740 et
1768 2674 1983 2750 rationibus,
2011 2691 2099 2760 quas
2123 2672 2166 2738 de
2190 2689 2233 2738 ea
2255 2673 2310 2737 ost
2296 2670 2414 2738 t-ende

557 2825 647 2893 rint.
675 2829 720 2892 Et
742 2826 785 2904 si,
813 2825 907 2892 sicut
929 2827 1092 2914 superius
1118 2827 1269 2914 legitur,
1297 2830 1375 2914 ipsa
1397 2845 1539 2912 gemma
1561 2829 1598 2893 et
1621 2827 1719 2894 illius
1742 2827 1930 2902 heredes,
1920 2827 1989 2912 ipsi
2012 2826 2238 2912 maghenolso
2261 2827 2297 2892 et
2319 2823 2416 2892 illius

559 2979 749 3046 heredibus
784 2999 854 3046 non
877 2979 1212 3067 adimpleverint,e
1215 2981 1509 3072 tsuprascripta‚
1476 2983 1601 3047 avel
1625 3000 1671 3048 ex
1695 2979 1746 3048 eis
1770 2966 1959 3069 quicquam
1989 2997 2171 3046 removere
2194 2981 2256 3044 aut
2278 2983 2418 3046 contra-

553 3133 680 3199 dicere
704 3134 1001 3220 presumpserint
1027 3153 1092 3220 per
1115 3135 1229 3220 ipsam
1253 3133 1421 3220 guadiam
1437 3133 1613 3219 obligavit
1640 3153 1677 3201 se
1701 3136 1738 3200 et
1760 3152 1840 3201 suos
1864 3134 2012 3200 heredes
2035 3152 2242 3217 componere
2259 3132 2325 3218 ipsi
2342 3152 2416 3200 ma-

556 3288 731 3374 ghenolso
769 3289 804 3353 et
827 3286 929 3354 iilius
952 3269 1141 3352 heredibus
1165 3285 1299 3370 viginti
1318 3285 1399 3352 auri
1421 3285 1552 3353 solidos
1576 3285 1909 3362 constantiniam,
1934 3289 1982 3360 et,
2007 3285 2100 3354 sicut
2121 3285 2284 3372 superius
2306 3285 2417 3372 scrip·

434 3525 476 3585 *
557 3443 633 3508 turn
658 3443 723 3518 est,
750 3439 957 3526 adimplere.
985 3443 1029 3506 Et
1052 3458 1116 3524 per
1140 3439 1426 3506 convenientiam
1450 3439 1524 3526 ipsc
1548 3442 1671 3526 petrus
1696 3439 1883 3518 notarius,
1924 3441 1986 3527 qui
2009 3441 2078 3509 fuit
2099 3441 2197 3507 iilius
2220 3439 2412 3516 mansonis,

449 3599 474 3628 ’·
553 3593 786 3681 g'uadia1psi
813 3595 1040 3681 maghenolso
1064 3593 1188 3670 dedit,
1228 3593 1525 3661 etfldeiussorem
1551 3593 1584 3660 ei
1610 3593 1727 3679 posuit
1749 3593 2031 3680 suprascriptum
2069 3593 2244 3659 alfanum.
2284 3595 2329 3659 Et
2351 3611 2414 3678 per

461 3765 699 3910 *ipsam
697 3748 864 3834 guadiam
890 3749 1066 3834 obligavit
1089 3750 1186 3814 seet
1208 3766 1290 3814 suos
1313 3745 1489 3823 heredes,
1529 3745 1559 3812 si
1590 3765 1830 3833 quascumque
1854 3745 2076 3814 causationes
2105 3746 2148 3813 de
2171 3745 2414 3833 suprascripta

515 3859 795 4132 vtendfflor’
786 3907 853 3990 rpsi
880 3901 1167 3990 maghenolsoet
1189 3903 1289 3970 illius
1313 3901 1509 3969 heredibus
1533 3900 1797 3988 proposuerint,
1824 3903 2075 3986 componerent
2098 3899 2166 3986 ipsi
2190 3901 2414 3984 maghenolfo

616 4044 736 4122 illius
765 4051 927 4124 eredibus
952 4055 1081 4141 viginti
1105 4055 1185 4121 auri
1209 4053 1330 4122 solidis
1362 4052 1537 4120 constant
1529 4052 1688 4129 mianis,
1729 4055 1765 4118 et
1789 4053 1890 4120 taciti
1913 4072 1959 4120 ex
1994 4055 2060 4120 hoc
2095 4052 2307 4122 adversus
2298 4073 2413 4139 1psum

554 4211 824 4294 maghenolfum
848 4211 885 4275 et
907 4209 1009 4276 illius
1032 4208 1180 4276 heredes
1203 4205 1638 4294 permaneantEtduas
1662 4207 1822 4273 cartulas
1848 4206 1953 4273 unius
1976 4208 2134 4284 tenoris,
2176 4211 2270 4274 hanc
2307 4229 2414 4295 quam

410 4321 416 4331 ⁸
481 4358 504 4412 'i
553 4361 631 4448 ipse
656 4363 905 4448 maghenoifus
930 4362 1122 4438 retinete
1125 4363 1317 4429 talteram
1341 4379 1447 4447 quam
1472 4359 1541 4446 ipsi
1564 4365 1624 4447 pet
1626 4379 1686 4428 rus
1710 4361 1870 4428 notarius
1893 4364 1928 4428 et
1951 4381 2105 4448 gemma.
2134 4366 2169 4428 te
2193 4364 2413 4432 romoaldum

560 4521 741 4586 notarium
765 4519 921 4585 scrivere
944 4517 1100 4604 precepi.

603 4671 633 4761 †
657 4674 731 4757 Ego
755 4676 816 4758 qui
840 4696 951 4764 supra
973 4672 1146 4740 iohannes
1171 4669 1291 4738 iudex.

1337 5025 1624 5108 MCXXIII

1335 5241 1395 5316 A.
1423 5237 1481 5332 D.
1509 5237 1633 5313 1049

600 5433 690 5524 †In
715 5433 857 5502 nomine
881 5435 1015 5502 domini
1040 5435 1218 5504 tricesimo
1256 5437 1370 5523 primo
1395 5455 1490 5505 anno
1514 5438 1734 5524 principatus
1772 5435 1895 5504 domni
1919 5434 2031 5502 nostri
2065 5432 2243 5522 guaimari
2266 5433 2410 5520 gloriosi

555 5586 745 5674 principis,
771 5591 815 5655 ut
839 5587 1024 5676 undecimo
1048 5607 1141 5656 anno
1164 5587 1313 5656 ducatus
1336 5587 1410 5657 eius
1433 5591 1551 5658 amalfi
1573 5593 1610 5657 et
1632 5591 1853 5668 sirrentum,
1879 5594 1916 5658 et
1942 5592 2068 5658 octabo
2099 5609 2192 5658 anno
2215 5590 2412 5675 suprascri-

561 5744 715 5828 ptorum
739 5741 962 5830 principatus
987 5747 1024 5810 et
1047 5743 1240 5812 ducatuum
1264 5743 1384 5812 domni
1405 5743 1525 5830 gisuifl
1548 5745 1672 5812 eximii
1695 5745 1867 5833 principis
1890 5765 1932 5813 ac
1955 5745 2054 5814 ducis
2077 5745 2140 5812 nlii
2164 5746 2265 5824 eius,
2291 5762 2411 5812 mense
