5454 7104
605 491 671 594 in
965 434 969 441 ⁵
1240 491 1425 564 consu
1461 489 1723 563 cavensis

552 695 632 763 latii
654 694 747 762 tilius
770 694 947 783 quondam
970 695 1140 782 iaquinti,
1168 697 1229 782 qui
1255 695 1328 764 luit
1352 715 1467 764 comes
1490 695 1644 783 palatii,
1678 697 1714 762 et
1736 693 1843 762 lando
1866 711 1982 762 eomes
2004 699 2198 780 germanus
2222 712 2344 762 eorum
2366 695 2404 760 et

547 846 639 917 filius
662 847 839 937 quondam
862 848 989 916 disidei
1011 849 1154 918 comitis
1180 897 1188 928 ,
1226 849 1312 936 Ipsis
1348 869 1412 936 pro
1436 851 1539 936 parte
1562 868 1685 916 eorum
1719 851 1755 916 et
1778 867 1841 934 pro
1865 852 1967 936 parte
1992 849 2119 918 Allerii
2152 848 2290 918 comitis
2323 849 2389 916 filii

550 1001 725 1091 quondam
748 1003 921 1080 landoni,
948 1003 1010 1091 qui
1035 1004 1103 1071 fuit
1126 999 1241 1071 thium
1267 1003 1424 1090 ipsorum
1449 1003 1576 1072 disidci
1599 1007 1636 1070 et
1658 1003 1850 1081 iohannis,
1890 1005 1927 1070 et
1949 1003 2112 1071 landonis
2134 1006 2171 1070 et
2194 1003 2261 1072 luit
2283 1022 2400 1071 eomes

548 1157 695 1243 palatio,
720 1157 881 1225 inclitam
906 1157 1097 1225 ecclesiam
1121 1175 1243 1224 eorum
1268 1157 1525 1242 pertinentem,
1552 1159 1613 1245 qui
1636 1163 1690 1225 est
1713 1158 1922 1226 vocabulum
1945 1148 2068 1224 sancte
2090 1157 2204 1224 marie
2226 1160 2262 1224 et
2284 1157 2403 1228 sancti

549 1307 705 1390 nicolai,
735 1315 771 1379 et
793 1315 847 1378 est
870 1313 1108 1378 constructam
1138 1310 1176 1378 in
1200 1310 1265 1377 illa
1289 1311 1393 1397 parte
1416 1309 1523 1378 ilubio
1546 1309 1645 1388 siler,
1671 1309 1731 1376 ubi
1749 1308 1801 1412 ad
1825 1308 2036 1376 mercatellu
2059 1307 2203 1376 dicitur.
2229 1309 2307 1376 ideo
2331 1328 2400 1377 una

549 1468 692 1534 tertiam
716 1458 853 1551 partein
879 1467 966 1531 mihi
993 1465 1221 1532 tradiderunt
1248 1465 1316 1550 ipsi
1340 1465 1497 1534 disideus
1520 1469 1557 1533 et
1571 1465 1743 1534 iohannes
1766 1484 1830 1551 pro
1853 1462 2131 1552 panicularum,
2148 1467 2185 1530 et
2208 1483 2279 1532 una
2294 1464 2405 1532 aliam

551 1623 694 1690 tertiam
717 1625 856 1707 partem
880 1619 969 1687 mibi
994 1619 1076 1686 iude
1101 1619 1233 1686 tradidi
1256 1621 1332 1706 ipse
1356 1620 1463 1687 lando
1486 1639 1550 1706 pro
1565 1622 1669 1706 parte
1692 1638 1769 1696 sua,
1787 1623 1824 1687 et
1846 1617 1956 1686 aliam
1980 1617 2125 1686 tertiam
2149 1619 2289 1703 partem
2312 1615 2401 1710 mihi

550 1774 776 1844 tradiderunt
798 1793 861 1860 pro
884 1780 987 1860 parte
1010 1775 1054 1841 de
1078 1775 1193 1860 ipsum
1218 1775 1397 1844 infantem
1421 1773 1562 1842 nomine
1578 1773 1734 1842 Alterius
1756 1773 1852 1840 lilius
1874 1772 2109 1859 suprascripti
2126 1771 2271 1840 landoni
2288 1790 2405 1840 comes

551 1929 698 2014 palatie.
724 1927 802 1994 ldeo
825 1929 903 2014 ipsa
926 1927 1077 1994 eeclesia
1101 1902 1181 1992 eum
1206 1927 1386 2012 porticum
1410 1931 1447 1995 et
1469 1946 1554 1996 casa
1577 1946 1645 2014 que
1667 1927 1717 1995 ibi
1740 1933 1821 2005 est,
1856 1930 1893 1995 et
1915 1947 1996 1995 cum
2018 1927 2133 1994 omnis
2163 1945 2273 1994 causa
2296 1926 2407 2012 perti·

551 2085 658 2148 nente
681 2081 791 2166 ipsius
814 2080 1027 2156 ecclesia,et
1049 2100 1130 2148 curn
1153 2081 1372 2148 animalibus
1395 2085 1433 2149 et
1455 2083 1602 2150 mobilia
1624 2081 1765 2150 exdicte
1788 2082 1935 2150 ecclesie
1958 2081 2047 2149 mihi
2063 2080 2303 2150 tradiderunt.
2329 2080 2409 2150 'lali

550 2238 678 2312 tinore,
704 2235 756 2302 Ud
778 2231 913 2302 cunctis
937 2234 1061 2301 diebus
1086 2231 1157 2300 vite
1183 2253 1260 2302 rnee
1283 2235 1372 2301 illut
1396 2237 1580 2302 teneamus
1603 2238 1640 2303 et
1661 2237 1912 2322 gubernemus,
1930 2238 1966 2302 et
1989 2237 2112 2303 nostra
2135 2235 2308 2304 utilitatis
2324 2235 2409 2304 inde

551 2389 720 2458 facientes
742 2389 837 2458 iusta
860 2389 1062 2466 rationem,
1088 2391 1125 2458 et
1148 2393 1202 2455 est
1225 2389 1376 2458 mobilia
1398 2389 1510 2476 ipsius
1532 2389 1692 2482 ecclesie,
1718 2389 1962 2458 nominetibe:
1999 2388 2103 2456 Liber
2126 2388 2291 2456 comitem
2316 2387 2410 2456 anui

549 2543 683 2612 circulo
706 2561 829 2620 unum,
854 2545 1021 2610 manuale
1037 2563 1158 2620 unum,
1176 2542 1383 2612 orationale
1409 2563 1531 2622 unum,
1558 2542 1825 2610 Antisanarium
1849 2543 1893 2610 de
1915 2543 2019 2608 nocte
2041 2557 2153 2610 unum
2177 2545 2214 2608 et
2230 2541 2343 2610 elium
2362 2541 2409 2608 de

548 2695 618 2782 die,
643 2695 787 2763 homilie
811 2695 903 2772 due,
935 2715 1006 2764 una
1029 2696 1164 2764 maiore
1187 2701 1224 2765 et
1247 2697 1321 2766 alia
1351 2697 1501 2774 minore,
1526 2699 1710 2782 gestarum
1735 2715 1845 2764 unum
1868 2694 1913 2762 de
1935 2695 2087 2762 circuitu
2111 2713 2276 2783 anuum,
2312 2693 2408 2782 quod

547 2853 601 2916 est
623 2849 662 2916 in
683 2849 755 2916 dua
778 2847 987 2927 bolumina,
1013 2853 1049 2916 et
1072 2851 1248 2936 psalteria
1270 2850 1353 2928 dua,
1384 2869 1493 2918 unum
1517 2848 1754 2916 monasticum
1774 2849 1814 2918 et
1836 2850 1920 2918 abet
1942 2849 2068 2936 aliqua
2092 2867 2176 2936 pars
2198 2849 2408 2917 decentum

499 2979 501 2982 ⁵
549 3005 586 3068 et
608 3002 759 3080 imnum,
777 3007 814 3071 et
829 3003 942 3071 calice
970 3007 1006 3070 et
1029 3006 1161 3090 patena
1183 3004 1227 3070 de
1250 3006 1458 3090 argentum,
1476 3007 1513 3071 et
1535 3005 1648 3071 alium
1671 3003 1820 3074 calicem
1844 3007 1881 3072 et
1903 3007 2036 3090 patena
2059 3004 2103 3072 de
2126 3007 2309 3091 stagnum,
2327 3005 2410 3072 Gor·

548 3156 624 3226 tine
647 3157 740 3234 due,
777 3158 921 3244 planete
944 3158 1025 3235 due,
1052 3159 1132 3227 Una
1155 3158 1199 3226 de
1223 3161 1399 3226 castanea
1422 3161 1458 3226 et
1482 3159 1556 3227 alia
1579 3158 1623 3227 de
1645 3159 1787 3237 linum,
1822 3160 1946 3227 horale
1970 3178 2079 3227 uuum
2112 3158 2156 3227 de
2190 3168 2345 3246 purpure
2369 3163 2409 3226 et

550 3312 663 3379 alium
685 3311 729 3379 de
751 3315 828 3380 seta
850 3331 931 3380 eum
954 3313 1046 3380 lecte
1069 3315 1106 3380 et
1128 3313 1172 3380 de
1197 3309 1275 3380 linu
1300 3315 1376 3380 tres
1399 3331 1479 3380 eum
1503 3313 1607 3390 lecte,
1622 3315 1805 3381 Amictora
1827 3313 1910 3390 dua,
1925 3312 2036 3400 panni
2058 3311 2165 3381 serici
2189 3312 2403 3382 asrieazuani

551 3467 687 3550 tresde
711 3467 839 3552 altare,
865 3467 990 3535 etalii
1013 3467 1157 3554 giniiati
1181 3467 1252 3536 dua
1276 3487 1358 3535 cum
1380 3469 1484 3554 lecte,
1511 3467 1649 3536 manuli
1671 3469 1715 3536 de
1737 3467 1851 3536 serico
1874 3453 1970 3547 duo,
1995 3471 2032 3537 et
2055 3487 2128 3536 uua
2149 3467 2297 3536 sindone
2320 3488 2403 3536 eum

548 3621 661 3688 serico
684 3625 720 3690 et
744 3641 844 3700 auro,
870 3625 907 3689 et
929 3622 1004 3690 alie
1026 3620 1175 3689 sindone
1199 3621 1243 3689 de
1266 3621 1342 3689 lino
1366 3621 1564 3700 Undecim,
1590 3641 1721 3708 mappa
1744 3624 1830 3699 tres,
1856 3623 1980 3690 nitere
2003 3623 2194 3691 audantele
2219 3642 2341 3698 unum,
2368 3627 2406 3690 et

547 3775 706 3844 turibula
728 3775 812 3854 dua,
839 3795 948 3846 unum
975 3775 1018 3843 de
1042 3779 1195 3862 argento
1219 3778 1257 3845 et
1279 3776 1382 3844 aliud
1406 3777 1450 3844 de
1474 3795 1586 3856 rame,
1612 3793 1788 3862 campana
1811 3794 1910 3855 una,
1935 3779 2035 3845 cocta
2058 3795 2156 3855 una,
2192 3775 2287 3845 idria
2313 3795 2398 3853 una,

550 3930 708 3998 Iumente
732 3929 858 3998 maiori
884 3929 1059 4006 undecim,
1077 3931 1227 4016 polletre
1250 3931 1294 3999 de
1319 3951 1389 4000 uno
1413 3951 1507 4000 anno
1530 3931 1610 4011 due,
1635 3936 1672 4000 et
1694 3933 1842 4020 pullitru
1865 3931 1910 3999 de
1934 3951 2004 4000 uno
2026 3949 2121 3999 anno
2145 3950 2268 4007 unum,
2295 3931 2403 3998 bacce

551 4084 677 4152 maiori
699 4087 789 4163 octo,
807 4083 922 4152 bitelli
946 4085 989 4152 de
1007 4104 1076 4152 uno
1100 4105 1194 4154 anno
1219 4105 1295 4154 sex.
1324 4094 1394 4153 Hec
1411 4089 1531 4154 autem
1553 4084 1672 4155 omnia
1694 4085 1902 4172 supradicta
1916 4103 2026 4153 causa
2048 4087 2085 4152 et
2099 4081 2272 4151 animalia
2286 4081 2405 4170 ipsius

548 4240 722 4318 ecclesie,
758 4259 838 4308 cum
862 4239 940 4307 tota
964 4241 1068 4308 rebus
1092 4239 1203 4326 ipsius
1227 4240 1383 4308 ecclesie
1406 4239 1495 4308 mihi
1518 4240 1674 4326 predicto
1697 4239 1843 4328 sparani
1866 4238 2094 4306 tradiderunt
2127 4235 2310 4324 cumipse
2346 4255 2403 4303 ec·

550 4393 659 4462 clesia
681 4392 872 4462 tenendum
897 4396 935 4461 et
958 4394 1166 4480 regendum,
1191 4396 1228 4462 et
1250 4393 1521 4480 gubernandum
1545 4393 1668 4461 diebus
1691 4393 1763 4461 vite
1786 4411 1875 4470 mee,
1900 4391 1993 4459 sicut
2015 4391 2200 4467 meruerit,
2226 4389 2273 4458 ud
2300 4391 2406 4478 proii-

548 4545 628 4616 ciad
650 4549 687 4614 et
709 4566 778 4614 non
800 4546 995 4634 dispereat,
1021 4566 1040 4614 e
1080 4547 1158 4634 ipsa
1182 4548 1337 4616 ecclesia
1360 4547 1552 4616 efficiemus
1574 4549 1611 4615 et
1632 4545 1790 4614 officiare
1813 4545 1987 4612 faciamus
2009 4543 2067 4611 die
2090 4544 2280 4630 noctuque,
2304 4543 2405 4611 sieut

511 4785 515 4807 Ι
550 4701 722 4768 meruerit
744 4699 893 4770 ecclesie
916 4703 1011 4768 foras
1035 4701 1210 4779 civitate,
1252 4703 1289 4768 et
1312 4701 1409 4768 omni
1433 4669 1595 4787 tempore
1614 4701 1782 4766 abeamus
1805 4697 1935 4766 ibidem
1958 4715 2031 4764 uua
2053 4715 2190 4764 mecum
2225 4697 2408 4785 quadtuor

549 4855 644 4923 inter
667 4854 813 4922 clericos
837 4856 873 4922 et
899 4853 1111 4942 presbiteros
1134 4852 1180 4920 ad
1203 4853 1445 4930 officiandum,
1460 4858 1497 4921 et
1519 4853 1634 4922 licead
1657 4872 1713 4921 me
1736 4853 1896 4922 homines
1920 4852 2070 4920 midtere
2094 4852 2140 4920 ad
2164 4851 2404 4920 laborandum

549 5009 588 5076 in
612 5011 718 5080 rebus
740 5008 851 5094 ipsius
874 5007 1055 5086 ecclesie,
1081 5009 1236 5096 qualiter
1260 5008 1503 5086 voluerimus,
1532 5011 1569 5075 et
1591 5006 1796 5076 annualiter
1819 5011 1902 5094 apto
1924 5009 2083 5094 tempore
2106 5005 2279 5107 faciamus
2306 5007 2409 5074 labo-

551 5182 632 5230 rare
655 5165 692 5230 et
714 5163 887 5248 hoperare
916 5164 993 5248 ipsa
1017 5164 1134 5241 rebuS,
1161 5161 1257 5230 sicut
1283 5163 1482 5241 meruerit,
1522 5164 1561 5230 ut
1583 5179 1722 5247 semper
1745 5164 1838 5230 bona
1859 5160 1994 5247 paread
2018 5162 2182 5230 laborata
2204 5165 2241 5228 et
2266 5155 2405 5228 cultata

549 5320 586 5384 et
608 5335 729 5384 omnes
751 5317 907 5393 offertus,
933 5319 970 5384 et
993 5317 1208 5395 botationes,
1233 5320 1270 5385 et
1292 5317 1492 5404 sepultura,
1509 5337 1578 5405 que
1600 5316 1640 5385 in
1662 5317 1740 5404 ipsa
1761 5317 1912 5385 ecclesia
1933 5317 2160 5394 intraberint,
2179 5317 2292 5396 totum
2320 5315 2409 5382 illut

550 5465 649 5538 uobis
672 5471 839 5538 abeamus
861 5469 1078 5546 faciendum,
1104 5470 1199 5557 quod
1223 5470 1454 5550 voluerimus,
1480 5475 1620 5559 eseepto
1642 5472 1673 5540 si
1696 5471 1870 5541 animalia
1892 5472 2002 5550 viba,
2027 5472 2098 5540 aud
2121 5472 2230 5539 talem
2253 5488 2398 5538 eausam

550 5624 737 5722 intraberit
759 5625 797 5694 in
819 5625 897 5712 ipsa
919 5627 1099 5706 ecclesia,
1140 5645 1208 5715 que
1231 5626 1278 5695 ad
1301 5591 1501 5713 organeum
1524 5627 1568 5694 de
1591 5625 1668 5713 ipsa
1695 5625 1847 5695 ecclesia
1870 5625 2069 5704 meruerit,
2104 5626 2279 5694 faciamus
2314 5624 2405 5693 illud

548 5780 687 5848 salbum
710 5779 755 5848 ad
778 5799 865 5867 opus
888 5781 1031 5850 exdiete
1057 5781 1208 5852 ecclesie
1230 5799 1312 5850 cum
1337 5779 1413 5869 ipso
1437 5781 1554 5861 aliut,
1591 5784 1628 5848 et
1650 5779 1776 5868 quanti
1799 5781 1949 5850 masculi
1983 5781 2053 5850 orti
2077 5779 2213 5849 luerint
2246 5779 2291 5848 de
2328 5779 2407 5866 ipse
