5372 7106
978 504 1063 592 DE
1104 513 1479 595 LAPIDIBUS
2042 517 2097 593 23

292 713 400 781 etad
423 730 561 780 omnem
586 712 822 781 valitudinem
846 707 980 782 sicum
1005 715 1041 781 in
1065 711 1195 803 aquam
1221 710 1362 786 miseris
1385 720 1422 785 et
1444 711 1523 806 ipsa
1546 739 1641 806 aqua
1662 719 1761 807 potui
1784 719 1936 788 dederis.
1978 683 2150 786 Ructatus

287 867 398 935 simul
422 871 459 934 et
481 868 646 954 suspiriis
669 869 706 934 et
729 866 879 954 epaticis
901 869 1056 936 dolorem
1081 863 1214 938 liberat
1237 873 1301 956 (1).

334 1026 436 1112 Lapis
459 1025 631 1094 selenitis.
656 1025 816 1094 selenitis
839 1026 932 1113 lapis
954 1026 1080 1094 similis
1103 1027 1260 1113 yaspidis
1284 1019 1400 1094 notus.
1425 1027 1540 1096 Fortis
1563 1033 1600 1095 et
1622 1027 1753 1113 gravis.
1780 1027 1934 1096 Lucidus
1958 1027 2146 1096 mirabilis.

284 1182 432 1246 sanctus
455 1180 560 1266 lapis.
586 1179 692 1248 simul
717 1180 811 1248 cuim
837 1181 887 1264 (2)
910 1199 991 1249 cum
1014 1181 1101 1248 luna
1122 1179 1253 1248 crescit
1276 1184 1313 1248 et
1334 1179 1509 1250 decrescit
1532 1183 1699 1268 splendor
1715 1181 1824 1250 illius.
1855 1182 1908 1249 Ad
1932 1183 2047 1250 multa
2063 1201 2149 1250 vero

287 1331 388 1400 utilis
414 1337 484 1401 est.
510 1333 598 1401 lacit
619 1334 663 1402 ad
687 1353 844 1402 amorem
868 1337 906 1401 et
928 1351 1067 1403 causas.
1103 1335 1191 1403 facit
1224 1337 1261 1401 et
1283 1335 1413 1404 stisicis
1442 1335 1491 1424 (3)
1525 1337 1778 1421 languentibus
1811 1336 1985 1420 alligatus
2021 1337 2147 1406 lunam

285 1491 518 1556 crescentem.
543 1489 601 1556 vel
624 1509 704 1557 cum
730 1490 776 1558 ad
797 1488 983 1558 contraria
1006 1489 1189 1557 minuente
1213 1491 1338 1557 lunam
1361 1491 1523 1576 gestatus
1547 1489 1636 1556 mire
1661 1490 1758 1556 facit.

334 1643 436 1729 Lapis
459 1643 675 1728 panchrodo.
701 1644 902 1730 panchrodo
926 1642 1019 1730 lapis
1043 1645 1152 1710 habet
1167 1645 1320 1710 colorem
1336 1661 1489 1710 omnem.
1515 1644 1751 1727 Purpureum.
1777 1637 1948 1712 Rubeum'.
1978 1645 2141 1732 Nigrum.

287 1793 479 1866 Pallidum.
505 1799 668 1867 Roseum.
694 1799 858 1867 uiridem.
883 1817 1004 1866 omnes
1019 1798 1153 1865 colores
1167 1797 1337 1866 diversos
1355 1798 1490 1865 habens
1506 1815 1587 1864 eum
1605 1816 1708 1864 mane
1726 1797 1845 1864 videre
1863 1801 1992 1865 bonum
2006 1801 2063 1866 cst
2077 1801 2140 1882 (4).

287 1955 373 2020 iacit
396 1957 515 2022 autem
539 1954 583 2022 ad
607 1954 803 2022 victoriam.
828 1957 881 2020 est
904 1953 999 2020 enim
1023 1952 1178 2020 invictus
1201 1956 1238 2019 et
1260 1953 1424 2020 sacerdos
1448 1955 1497 2038 (5)
1523 1953 1614 2021 idest
1629 1957 1785 2021 sanctus.
1803 1954 1938 2038 sculpis
1960 1973 2050 2032 eum¹
2080 1948 2139 2022 suss

304 2108 511 2194 perlatonar
534 2109 584 2191 (6)
606 2111 643 2173 et
665 2110 883 2193 ypocratem.
910 2107 948 2171 et
970 2123 993 2171 a
1017 2109 1117 2171 vetro
1141 2107 1345 2191 acceptores
1368 2109 1454 2171 tres.
1480 2107 1606 2171 contra
1628 2123 1748 2172 omnes
1774 2103 1933 2189 magicas
1956 2107 2053 2199 artes
2077 2123 2145 2172 au-

286 2259 437 2327 xiliator
460 2262 523 2344 (7).

330 2413 434 2500 Lapis
457 2413 614 2480 colluror
638 2414 730 2496 (stc).
766 2413 906 2478 collum
930 2411 1022 2498 lapis
1046 2411 1104 2478 hic
1128 2411 1255 2480 similis
1277 2413 1456 2501 sapphiro.
1482 2414 1688 2482 subalvidus
1713 2416 1820 2481 habet
1854 2413 2008 2481 colorem
2032 2413 2139 2480 mari-

285 2587 385 2634 num.
413 2569 526 2653 Aptus
549 2566 593 2634 ad
615 2531 941 2654 interpellationem
966 2585 1091 2652 regum
1116 2569 1153 2634 et
1175 2567 1386 2654 potentium.
1427 2569 1538 2636 uteris
1562 2569 1660 2635 circa
1683 2569 1815 2636 collum
1840 2573 2022 2654 pertusum
2048 2567 2110 2654 (8).

330 2727 437 2813 Lapis
461 2727 620 2794 trisutes.
646 2726 803 2794 trisutes
816 2725 909 2812 lapis
932 2725 1058 2792 similis
1095 2729 1150 2794 est
1172 2745 1278 2794 arcus
1301 2727 1403 2795 coeli.
1428 2727 1487 2796 hic
1510 2729 1624 2796 sortis,
1649 2728 1772 2814 gravis
1796 2729 1930 2796 habens
1965 2728 2000 2794 in
2025 2727 2139 2797 medio

282 2881 420 2968 apicem
447 2871 629 2968 tamquam
662 2879 818 2948 malvam
841 2883 878 2947 et
893 2898 1034 2966 nigram
1061 2881 1124 2963 (9).
1152 2878 1215 2946 Hic
1241 2899 1392 2966 magnus
1407 2884 1568 2949 testatus.
1596 2881 1867 2967 impetratorius
1883 2881 1970 2948 lacit
1984 2880 2030 2948 ad
2045 2901 2131 2950 cau-

281 3049 361 3101 sam
384 3052 447 3101 seu
467 3033 550 3120 jure
573 3033 694 3101 datam
719 3034 806 3116 (10).

330 3186 436 3274 Lapis
459 3187 582 3255 melas.
608 3188 718 3254 Melas
742 3189 832 3273 lapis
855 3186 914 3254 hic
931 3187 1040 3254 habet
1057 3189 1095 3252 iu
1112 3203 1150 3252 se
1167 3183 1283 3253 stillas
1299 3184 1456 3253 modicas
1480 3188 1566 3270 (ll).
1584 3186 1672 3253 dicit
1694 3183 1791 3252 enim
1808 3186 1881 3268 (12)
1896 3186 2015 3271 syrtis.
2031 3205 2141 3256 eausa

285 3341 416 3409 dicenti
442 3341 718 3409 benedictionem
742 3344 779 3407 et
801 3340 1085 3428 impetrationem
1110 3344 1147 3408 et
1169 3340 1357 3408 victoriam
1381 3341 1479 3407 facit.
1516 3344 1552 3406 et
1581 3339 1626 3407 ad
1661 3359 1802 3408 omnem
1836 3340 2139 3428 inquititudinem

285 3495 452 3564 inimicis.
479 3515 631 3584 quarum
655 3499 692 3564 et
715 3495 924 3563 damnorum
948 3499 985 3562 et
1007 3493 1263 3563 maleficiorum
1287 3498 1323 3578 et
1348 3489 1508 3580 magicas
1532 3497 1568 3561 et
1591 3493 1870 3581 inquinationes.
1895 3499 1933 3563 et
1955 3497 2138 3583 potionum

282 3653 329 3718 et·
345 3667 491 3736 precum
516 3652 693 3718 malorum
716 3650 1001 3718 incantationum
1026 3649 1164 3736 (lauis)
1187 3649 1378 3717 etodium.
1404 3651 1441 3714 et
1463 3651 1584 3716 cetera
1597 3650 1693 3718 mala
1715 3667 1762 3717 ex
1790 3669 1937 3737 corporo
1970 3649 2136 3737 expellit.

325 3933 374 4012 (l)
398 3933 433 3995 P.
461 3959 473 3992 r
497 3933 602 4013 Rupto
624 3930 752 4012 spiritu,
775 3927 948 4020 suspirium
970 3931 1001 3988 et
1022 3925 1146 4006 hepatis
1167 3924 1308 3985 dolorem
1328 3922 1412 3984 tollit
1436 3945 1462 3984 r.
1485 3958 1525 3969 —
1546 3923 1583 3984 A.
1611 3947 1623 3978 r
1647 3922 1804 3986 Ructatus
1826 3922 1920 3983 simul
1945 3927 1979 3984 et
2001 3925 2138 4006 suspiria

280 4082 316 4139 et
337 4077 460 4158 hepatis
481 4077 622 4139 dolorem
643 4073 726 4136 tollit
750 4097 777 4134 r.

324 4221 374 4300 (Ρ)
395 4223 431 4282 P.
459 4245 472 4278 ι
496 4220 643 4281 similiter
664 4217 751 4280 enim
776 4240 802 4277 ι.

323 4366 366 4444 (3)
389 4366 424 4428 P.
450 4383 467 4427 e
489 4367 526 4427 A.
550 4364 720 4446 phthisicis
745 4387 773 4425 r.

321 4511 371 4593 (4)
393 4511 429 4572 Ρ.
457 4535 469 4568 ι
493 4511 606 4572 deinde
628 4511 730 4572 bonus
752 4515 801 4570 est
823 4531 850 4568 r.
875 4510 913 4570 A.
941 4532 952 4566 ι
978 4506 1088 4568 uiridis
1110 4507 1212 4567 bonus
1235 4509 1284 4565 est
1307 4527 1333 4564 r.

323 4655 373 4737 (5)
397 4657 432 4718 P.
458 4676 475 4718 e
496 4656 534 4718 A.
562 4679 574 4712 ι
598 4655 734 4718 invictus
754 4658 787 4716 et
808 4669 899 4714 sacer
922 4675 949 4711 ι.

322 4801 368 4883 (6)
390 4803 424 4863 P.·
450 4819 467 4862 e
489 4801 527 4862 A.
555 4826 568 4857 ι
591 4799 710 4880 sculpis
732 4798 764 4860 in
785 4815 823 4858 eo
845 4792 984 4856 latonam
1010 4819 1037 4858 ι.
1146 4819 1148 4824 ’

335 4945 384 5025 (7)
404 4945 440 5006 Ρ.
468 4963 486 5004 e
507 4945 546 5004 A.
574 4967 586 5000 ι
612 4943 786 5004 auxiliatur
808 4965 836 5003 ι.

320 5090 372 5174 (8)
393 5092 428 5153 Ρ.
456 5115 468 5148 e
494 5090 579 5151 circa
601 5089 719 5151 collum
739 5093 870 5168 pertuso
893 5111 920 5149 ν.

320 5235 372 5317 (9)
394 5237 429 5297 Ρ.
457 5184 656 5315 [tamquam
679 5235 788 5294 album
810 5238 842 5294 et
864 5231 993 5311 nigrum
1015 5254 1043 5291 ι.
1065 5241 1106 5278 4
1126 5231 1165 5292 A.
1192 5255 1204 5288 ι
1227 5233 1395 5309 tamquam
1424 5228 1530 5290 elhar'n
1554 5229 1713 5290 tiaram».

320 5379 387 5460 (10)
408 5379 445 5440 Ρ.
468 5397 485 5438 e
508 5379 547 5440 A.
574 5402 586 5436 ι
611 5378 679 5438 sine
698 5377 772 5455 jure
792 5376 899 5437 datam
922 5397 949 5438 ι.

319 5523 386 5602 (ll)
408 5525 444 5586 P.
469 5542 486 5583 e
508 5524 547 5585 Α.
575 5547 587 5580 r
612 5523 722 5584 stellas
745 5521 884 5583 modicas
906 5538 935 5582 s.

318 5669 390 5746 (12)
411 5669 448 5731 P.
471 5687 489 5729 a
511 5670 548 5730 A.
576 5691 588 5725 ι
613 5667 737 5728 Dicitur
758 5663 854 5726 etiam
877 5689 904 5727 r.

322 5813 448 5893 (this)
470 5813 507 5875 P.
531 5834 548 5876 e
570 5814 609 5874 A.
633 5817 665 5874 et
685 5830 815 5892 precum
837 5809 994 5888 majorum
1015 5807 1259 5870 incantationem
1283 5829 1310 5868 ι.
