5398 7106
611 507 681 584 aot
1242 515 1422 593 consu
1466 516 1722 635 ouvuusm

559 707 640 792 ipsa
662 706 781 794 priore
803 707 885 776 tine.
912 707 1084 778 lamdicta
1107 711 1210 799 pecia
1235 712 1279 780 de
1304 715 1403 781 terra
1426 732 1491 800 per
1514 713 1703 783 iamdictas
1725 715 1812 785 flues
1834 717 1871 784 et
1894 731 2018 784 mensu
2035 731 2094 782 ras
2128 711 2293 780 inclitam
2316 709 2415 779 illam

558 859 668 929 michi
692 861 844 931 tradidit
865 881 947 931 cum
975 865 1049 932 bice
1072 863 1116 932 de
1140 865 1198 934 via
1221 884 1286 934 sua
1309 867 1386 935 l'ali
1410 868 1539 946 tinore,
1566 871 1607 936 ut
1628 869 1753 938 amodo
1775 871 1813 938 et
1834 884 1987 956 semper,
2013 871 2116 937 natos
2139 866 2344 941 nascentes,
2369 863 2417 932 ad

563 1034 642 1085 mea
665 1021 702 1084 et
725 1017 769 1086 de
792 1017 881 1086 meis
905 1017 1102 1088 heredibus
1124 1019 1197 1090 siut
1220 1023 1404 1107 potestatis
1428 1021 1530 1091 illam
1554 1026 1761 1102 teneamus,
1785 1027 1823 1092 et
1845 1021 2089 1117 dominamus,
2112 1023 2216 1089 tovee
2239 1023 2276 1087 et
2297 1019 2416 1087 omnis

559 1171 677 1238 nostre
694 1167 863 1240 utilitatis
874 1171 972 1240 iusta
990 1171 1167 1240 rationem
1184 1172 1316 1242 ibidem
1340 1175 1526 1254 faciamus,
1545 1178 1582 1244 et
1597 1177 1690 1245 unde
1713 1177 1898 1254 meruerit,
1911 1176 2001 1245 illut
2016 1174 2217 1252 cludamus,
2234 1175 2271 1240 et
2286 1170 2415 1240 amodo

559 1337 628 1406 per,
645 1323 759 1390 omnis
775 1341 909 1391 annum
935 1323 1012 1410 ipsa
1037 1323 1252 1393 tradictione
1266 1326 1468 1394 lavoremus
1490 1329 1528 1394 et
1550 1327 1738 1404 cultemus,
1755 1328 1792 1393 et
1814 1323 1888 1413 ipso
1912 1328 2064 1394 bacuum
2076 1324 2203 1393 amodo
2219 1341 2284 1410 per
2298 1322 2414 1391 omnis

560 1495 694 1544 annum
716 1481 947 1566 pastenemus
971 1481 1008 1544 et
1031 1476 1308 1564 propaginemus
1331 1477 1374 1545 de
1397 1497 1487 1546 vono
1510 1480 1656 1546 arbusto
1681 1477 1792 1546 bitato
1814 1481 1852 1544 et
1874 1476 1993 1554 vinea,
2016 1478 2055 1544 et
2077 1475 2201 1563 pomis,
2219 1479 2257 1542 et
2271 1475 2411 1552 salices,

500 1676 505 1684 -
558 1629 652 1696 sicut
674 1632 849 1697 meruerit
858 1663 871 1708 ·,
898 1633 938 1697 ut
961 1630 1000 1696 in
1023 1628 1189 1717 completi
1213 1628 1396 1698 duodecim
1421 1631 1505 1698 anni
1529 1633 1701 1700 abeamus
1724 1633 1800 1699 tota
1823 1633 1901 1717 ipsa
1924 1629 2138 1698 tradictione
2162 1603 2360 1716 pastenata¹
2375 1631 2412 1695 et

558 1787 661 1853 surta
684 1785 727 1852 de
751 1801 840 1852 vono
864 1787 1010 1852 arbusto
1035 1785 1159 1862 bitato,
1185 1788 1221 1852 et
1244 1783 1362 1861 vinea,
1388 1787 1426 1850 et
1451 1783 1576 1870 pomis,
1601 1785 1853 1861 etsalicetum,
1870 1784 1965 1852 siout
1987 1782 2031 1850 de
2054 1785 2174 1850 tantos
2189 1801 2300 1850 annos
2315 1784 2414 1852 locus

558 1939 633 2026 ipse
656 1937 843 2006 meruerit.
870 1939 915 2004 ut
937 1938 984 2005 da
1007 1938 1090 2006 inde
1114 1937 1282 2006 inantea
1305 1943 1342 2004 et
1365 1937 1489 2005 amodo
1513 1937 1714 2024 peremnis
1737 1957 1872 2005 anuum
1896 1937 1973 2004 tota
1991 1907 2074 2022 ipsa
2090 1934 2306 2004 tradictione
2329 1938 2412 2023 apto

549 2096 715 2180 tempore
738 2043 952 2169 lavoremuS,
979 2093 1151 2176 potemus,
1177 2090 1468 2178 propaginemus,
1493 2090 1707 2176 inpalemus,
1732 2108 1885 2168 aremus,
1911 2089 2090 2175 lighemus
2112 2107 2194 2157 cum
2219 2088 2302 2156 boni
2323 2087 2409 2175 pali,

471 2257 473 2260 ’
554 2249 648 2316 sicut
672 2246 846 2316 meruerit
870 2247 962 2313 bona
986 2245 1091 2314 binea
1114 2249 1151 2312 et
1173 2247 1361 2312 arbustum
1384 2245 1429 2313 de
1452 2243 1529 2329 ipso
1552 2243 1696 2321 locum,
1732 2247 1771 2311 ut
1792 2262 1932 2330 semper
1955 2243 1993 2312 in
2016 2243 2144 2311 melius
2167 2241 2356 2328 proficiant
2376 2243 2412 2308 et

555 2421 626 2469 non
649 2400 867 2488 dispereant,
893 2402 930 2466 et
954 2417 1018 2486 per
1041 2401 1157 2466 omnis
1181 2415 1314 2466 annum
1339 2399 1538 2485 perfectum
1560 2399 1687 2485 pareat
1709 2399 1911 2464 laceratum
1935 2399 1972 2464 et
1994 2397 2172 2464 cultatum
2195 2397 2233 2462 et
2255 2397 2408 2469 salbum,

553 2555 590 2620 et
613 2553 689 2640 ipso
713 2543 894 2619 arbustum
918 2551 961 2617 de
984 2553 1109 2618 subtus
1132 2550 1374 2626 seminatum,
1400 2555 1437 2617 et
1461 2548 1553 2616 unde
1576 2533 1750 2617 meruerit
1771 2551 1910 2617 clusum
1934 2552 2074 2618 tautum
2100 2549 2161 2618 ubi
2183 2549 2327 2618 abuerit
2352 2549 2411 2617 in-

554 2709 611 2774 tra
634 2705 712 2793 ipsa
735 2705 951 2773 tradictione
973 2707 1074 2772 terra
1096 2705 1228 2782 arida,
1254 2708 1291 2772 et
1323 2723 1390 2792 per
1413 2705 1559 2774 tertiam
1597 2706 1672 2773 bice
1696 2703 1930 2793 plantationis
1953 2703 2003 2772 ibi
2028 2703 2251 2789 posuerimus
2278 2707 2316 2770 et
2338 2721 2411 2770 non

554 2857 885 2948 comprehensorit,
911 2877 974 2927 nos
997 2861 1132 2928 siamus
1156 2861 1237 2926 iude
1260 2861 1455 2946 culpabiles
1478 2861 1517 2928 in
1539 2879 1624 2948 pars
1647 2860 1759 2948 ipsius
1781 2859 1951 2936 ecclesie,
1976 2861 2032 2929 set
2054 2860 2138 2928 illut
2164 2815 2345 2927 teneamus
2370 2859 2409 2928 in

553 3016 799 3103 suprascripta
821 3013 973 3082 ratione.
1001 3016 1046 3081 Et
1068 3032 1133 3100 per
1157 3016 1316 3100 tempore
1339 3014 1384 3081 de
1406 3031 1470 3082 are
1493 3015 1530 3080 et
1552 3032 1616 3101 per
1640 3012 1815 3080 vindemie
1836 3060 1845 3090 ,
1868 3017 1905 3080 et
1928 3013 2070 3099 quando
2096 3013 2172 3098 ipse
2195 3011 2324 3080 salices
2347 3015 2409 3078 ab·

553 3171 692 3239 scidere
715 3189 780 3258 per
803 3173 962 3256 tempore
986 3124 1230 3244 uoluerimus,
1257 3169 1431 3236 faciamus
1454 3168 1546 3236 scire
1569 3187 1653 3256 pars
1676 3143 1836 3253 predicte
1858 3167 2019 3243 ecclesie,
2047 3171 2087 3233 ut
2110 3165 2242 3234 ibidem
2265 3165 2403 3251 dirigat

553 3325 700 3392 missum
722 3343 839 3400 suum,
857 3326 893 3390 et
918 3341 981 3393 nos
997 3325 1071 3390 tote
1094 3297 1170 3409 ipse
1193 3322 1323 3390 salices
1347 3285 1615 3389 rationabiliter
1637 3319 1874 3398 abscidamus,
1891 3321 1928 3387 et
1951 3293 2030 3406 ipsa
2047 3319 2152 3388 biuea
2175 3319 2218 3386 de
2242 3322 2318 3386 tota
2333 3321 2409 3406 ipsa

556 3475 751 3542 traditione
775 3473 858 3541 inde
882 3473 1062 3560 lighemus
1087 3477 1178 3542 bona
1200 3476 1294 3541 sicut
1317 3471 1520 3577 meruerit,
1543 3475 1580 3571 et
1603 3475 1736 3560 quante
1759 3472 1844 3540 inde
1868 3475 2031 3540 remanet
2060 3471 2261 3541 dividamus
2283 3471 2348 3540 ille
2371 3471 2408 3540 iu

555 3631 629 3698 tres
652 3631 774 3717 partes
793 3653 801 3706 3
839 3647 923 3715 pars
947 3628 1106 3714 predicte
1129 3579 1279 3697 ecclesie
1303 3628 1409 3697 tollat
1431 3627 1514 3696 inde
1537 3629 1682 3696 tertiam
1705 3629 1846 3715 partem
1876 3630 1913 3696 et
1936 3646 2000 3696 nos
2023 3627 2091 3694 due
2114 3629 2248 3705 sortis,
2288 3632 2326 3695 et
2348 3645 2409 3714 per

554 3801 637 3852 arce
660 3784 727 3853 toti
750 3783 817 3870 ipsi
843 3784 959 3851 lavori
984 3784 1135 3871 indeque
1159 3789 1335 3853 metamus
1359 3789 1397 3853 et
1420 3785 1617 3854 adunemus
1640 3781 1689 3850 ibi
1713 3784 1882 3859 adarca,
1908 3783 1945 3848 et
1966 3777 2187 3859 tritulemus,
2213 3785 2250 3848 et
2273 3782 2411 3852 concie-

553 3959 654 4017 mus,
680 3942 717 4008 et
739 3940 783 4008 de
803 3941 917 4009 omnis
942 3939 1074 4006 victum
1098 3943 1135 4006 et
1158 3939 1297 4006 lavores
1321 3957 1429 4026 quarn
1452 3937 1534 4005 inde
1557 3937 1701 4014 exierit,
1726 3955 1810 4022 pars
1834 3935 1994 4023 predicte
2025 3935 2175 4004 ecclesie
2198 3937 2307 4004 tollat
2330 3939 2402 4004 ter-

553 4095 641 4161 tiam
666 4095 805 4180 partem
829 4095 867 4160 et
888 4112 951 4160 nos
975 4094 1044 4160 due
1066 4092 1185 4160 sortis.
1213 4094 1257 4158 ut
1279 4107 1344 4178 per
1360 4095 1519 4177 tempore
1542 4089 1586 4157 de
1609 4089 1788 4158 vindemie
1811 4089 1935 4158 amodo
1958 4109 2022 4177 per
2038 4091 2153 4158 omnis
2178 4109 2314 4160 aunum
2329 4093 2405 4160 tota

553 4249 632 4334 ipsa
656 4247 761 4315 vinea
784 4249 821 4314 et
844 4247 1030 4315 arbustum
1054 4243 1312 4312 bindemiemus
1337 4247 1374 4310 et
1397 4242 1520 4310 vinum
1543 4243 1659 4328 ipsum
1682 4242 1813 4309 ibidem
1836 4241 1882 4309 ad
1909 4243 2131 4330 palmentum
2155 4261 2398 4329 procuremus,

554 4404 590 4468 et
612 4401 656 4468 de
679 4400 794 4467 omnis
819 4399 942 4467 vinum
965 4417 1074 4486 quam
1097 4398 1180 4466 inde
1204 4397 1348 4475 exierit,
1367 4415 1451 4483 pars
1474 4397 1634 4488 predicte
1657 4395 1807 4464 ecclesie
1829 4397 1936 4464 tollat
1959 4396 2105 4464 tertiam
2129 4402 2267 4484 partem
2283 4403 2320 4468 et
2343 4413 2405 4468 nos

551 4553 623 4619 due
646 4553 778 4631 sortis,
803 4554 840 4619 et
864 4569 948 4638 pars
972 4551 1131 4639 predicte
1155 4551 1306 4657 ecclesie
1330 4567 1470 4638 semper
1493 4546 1593 4618 nobis
1616 4549 1703 4617 dare
1728 4549 1765 4617 in
1788 4549 1866 4636 ipsa
1889 4549 2103 4617 tradictione
2125 4571 2320 4638 organeum
2344 4555 2404 4622 bo-

553 4726 636 4774 num
660 4705 706 4774 da
730 4705 876 4790 vinum,
900 4708 937 4771 et
960 4722 1024 4771 nos
1047 4723 1189 4792 semper
1214 4707 1287 4791 ipso
1310 4721 1509 4789 organeum
1532 4701 1732 4769 conciemus
1755 4705 1792 4769 et
1812 4701 2011 4769 surdiemus
2036 4705 2191 4779 bonum,
2218 4705 2312 4773 sicut
2334 4724 2406 4775 me-

553 4860 691 4938 ruerit,
719 4863 755 4928 et
779 4877 995 4947 reponamus
1019 4859 1103 4926 illut
1127 4861 1165 4926 in
1187 4858 1313 4926 domus
1338 4809 1484 4934 nostra,
1510 4875 1579 4944 que
1603 4857 1720 4925 tacere
1743 4857 1911 4924 debemus
1934 4857 1970 4924 in
1995 4856 2073 4944 ipsa
2096 4858 2337 4939 tradictione,
2367 4863 2405 4930 et

552 5013 737 5080 mittamus
761 5011 892 5079 ibidem
916 5011 1030 5096 ipsam
1054 5009 1246 5079 sortionem
1272 5009 1315 5076 de
1339 5010 1415 5096 ipso
1439 5010 1561 5077 binum
1584 5008 1743 5096 predicte
1765 5007 1915 5076 ecclesie
1929 5039 1941 5087 ,⁴
1963 5014 2000 5076 et
2022 5011 2162 5078 salbum
2187 5012 2271 5080 illut
2295 5013 2404 5083 lacia-

554 5185 658 5242 mus,
685 5165 795 5233 donec
818 5183 903 5251 pars
927 5165 1038 5251 ipsius
1062 5165 1211 5233 ecclesie
1237 5166 1320 5232 illut
1343 5165 1471 5232 tulerit
1493 5160 1625 5256 absque
1647 5159 1923 5250 degeneratione
1946 5167 1983 5230 et
2006 5163 2127 5250 iugum
2153 5167 2300 5235 missum
2324 5187 2403 5254 pre·

555 5319 648 5386 dicte
672 5317 834 5395 ecclesie,
860 5317 943 5385 dum
967 5335 1031 5404 per
1055 5316 1236 5386 vindemia
1253 5311 1296 5384 ‘et
1319 5335 1383 5403 per
1407 5335 1491 5385 aree
1515 5317 1646 5385 ibidem
1668 5316 1835 5394 steterit,
1862 5335 1925 5383 nos
1947 5317 2032 5384 illut
2055 5319 2253 5386 nutriamus
2276 5339 2388 5389 secun

552 5474 637 5541 dum
660 5474 816 5541 nostram
842 5471 1137 5558 possivilitatem,
1171 5475 1207 5538 et
1230 5489 1293 5558 per
1316 5470 1431 5538 omnis
1455 5487 1590 5537 annum
1613 5469 1736 5538 demus
1759 5468 1798 5536 in
1822 5487 1906 5554 pars
1931 5467 2042 5556 ipsius
2065 5471 2216 5539 ecclesie
2238 5491 2302 5558 per
2326 5475 2403 5543 vin·

551 5629 665 5696 demie
679 5625 1115 5715 ¹palmentatieum,··sicut
1138 5626 1356 5698 consuetudo
1379 5627 1434 5693 est
1457 5643 1520 5712 per
1542 5625 1617 5710 ipso
1640 5625 1769 5692 locum.
1796 5627 1841 5692 Εἰ
1863 5627 1970 5714 quale
1986 5629 2144 5714 tempore
2167 5625 2214 5694 da
2232 5627 2301 5714 ipsi
2316 5628 2402 5698 duo·

553 5781 666 5850 decim
691 5781 777 5852 anni
802 5781 839 5848 in
866 5784 975 5848 antea
998 5780 1120 5849 eadem
1146 5797 1203 5848 res
1227 5783 1349 5847 tenere
1372 5782 1409 5845 et
1432 5779 1598 5846 lavorare
1621 5775 1868 5854 noluerimus,
1908 5775 2035 5844 inclita
2058 5779 2303 5865 suprascripta
2325 5781 2399 5846 tra-
