5398 7106
580 511 585 518 ·
651 475 728 560 ’231
1125 499 1128 506 “
1301 483 1476 556 ceollx
1503 482 1773 558 ouvllltsls

602 680 781 766 potestati,
796 682 832 745 et
854 677 931 746 illis
955 681 993 746 et
1015 679 1088 747 suis
1111 680 1302 748 heredibus
1325 681 1432 748 liceat
1455 679 1538 746 inde
1562 678 1664 746 exire
1687 697 1768 744 cum
1790 678 1912 745 omnia
1936 677 2077 743 illorum
2101 693 2210 744 causa
2234 675 2394 750 movilia,
2410 677 2454 740 et

603 835 758 919 pergant
781 833 840 932 ubi
866 833 1058 900 voluerint.
1084 832 1185 901 Unde
1208 833 1247 898 in
1263 851 1303 899 ec
1327 831 1476 900 hordine
1500 851 1564 920 per
1587 830 1835 900 convenientia
1846 830 1980 918 guadia
2003 829 2111 897 michi
2136 829 2202 916 ipsi
2220 829 2353 896 uterini
2369 831 2441 896 fra-

606 991 679 1054 tres
701 986 897 1062 dederuut,
925 987 963 1053 et
989 987 1221 1054 mediatorem
1244 987 1353 1054 michi
1377 993 1570 1072 posuerunt
1594 1005 1633 1054 se
1656 985 1768 1072 ipsis:
1796 988 1836 1052 31
1858 985 1889 1052 31
1915 984 2039 1052 taliter
2061 983 2182 1051 omnia
2204 983 2452 1070 suprascripta

604 1141 673 1209 illis
696 1143 733 1208 et
755 1141 829 1209 suis
853 1141 1047 1209 heredibus
1070 1141 1180 1211 michi
1203 1145 1344 1229 meique
1367 1141 1557 1210 heredibus
1580 1159 1652 1208 non
1675 1138 1962 1228 adimpleberint,
1980 1142 2017 1206 et
2040 1138 2177 1227 aliquid
2200 1139 2284 1208 inde
2307 1141 2452 1206 contra-

603 1295 776 1373 dixerint,
793 1314 858 1383 per
882 1295 997 1382 ipsam
1020 1292 1190 1381 guadiam
1212 1313 1421 1381 componere
1443 1295 1695 1381 obligaverunt
1717 1313 1754 1361 se
1777 1293 1846 1380 ipsi
1870 1292 2003 1361 uteriui
2026 1293 2158 1360 iratres
2180 1296 2218 1360 et
2251 1293 2325 1360 3313
2349 1293 2453 1359 here-

604 1449 704 1517 dibus
727 1450 836 1518 michi
861 1450 1044 1518 nominato
1069 1451 1176 1537 petri,
1192 1470 1299 1537 quam
1323 1453 1361 1516 et
1382 1448 1428 1517 ad
1451 1449 1539 1516 meis
1563 1449 1764 1534 heredibus,
1791 1449 1912 1516 decem
1936 1448 2015 1516 auri
2039 1447 2169 1515 solidos
2191 1449 2449 1522 constantines,

606 1604 642 1670 31
657 1587 786 1670 'omnia
807 1603 1054 1690 suprascripta
1077 1603 1177 1671 nobis
1215 1604 1440 1690 adimpleret.
1480 1604 1726 1671 Veruntamen
1749 1603 1828 1691 1333
1848 1602 2005 1669 sortione
2036 1605 2159 1670 nostra
2181 1602 2225 1670 de
2248 1601 2326 1689 ipsa
2349 1621 2453 1688 poma

603 1757 678 1825 illis
698 1761 733 1823 et
755 1757 901 1824 illorum
924 1757 1077 1824 heredes
1100 1775 1165 1844 per
1187 1757 1302 1824 omnis
1326 1776 1474 1834 annum,
1500 1760 1688 1845 postquam
1710 1757 1812 1824 illam
1836 1755 2051 1832 collexerit,
2092 1756 2192 1824 nobis
2216 1756 2317 1822 illam
2341 1753 2453 1823 addu-

544 1939 553 1974 1
604 1907 1366 1980 3333311333333313313133331333.
1406 1912 1498 1998 quod
1522 1911 1650 1998 scripsi
1688 1929 1754 1998 ego
1779 1909 1963 1978 mirandus
1998 1910 2158 1978 notarius
2192 1911 2254 1998 qui
2288 1910 2449 1984 interlui3

603 2084 711 2151 quam
733 2067 770 2132 et
792 2067 858 2131 hoc
875 2065 1081 2140 recolimus,
1102 2066 1143 2130 ut
1165 2082 1229 2150 per
1245 2064 1359 2132 omnis
1383 2083 1518 2132 annum
1542 2084 1607 2151 per
1624 2065 1798 2134 vindemie
1822 2064 2028 2132 conciarent
2046 2064 2155 2132 michi
2175 2063 2333 2151 meisque
2349 2066 2454 2131 here·

602 2218 704 2286 dibus
727 2217 794 2304 ipsi
820 2217 956 2285 uterini
980 2218 1142 2295 iratres,
1169 2219 1226 2284 vel
1250 2217 1394 2284 illorum
1418 2219 1594 2295 heredes,
1628 2237 1702 2286 una
1725 2221 1832 2285 bucta
1855 2216 1901 2285 da
1925 2217 2036 2292 vinu,
2074 2235 2143 2304 que
2165 2215 2287 2303 capiat
2309 2219 2456 2286 tentum

605 2372 750 2448 vinum,
776 2373 950 2458 quantum
974 2370 1018 2437 de
1040 2371 1259 2457 supradictis
1283 2373 1388 2438 rebus
1413 2370 1514 2438 nobis
1537 2372 1576 2438 in
1599 2372 1731 2438 sortem
1755 2369 1916 2437 evenerit
1938 2389 2003 2456 per
2025 2371 2234 2456 supradicta
2256 2370 2392 2456 guadia
2416 2373 2454 2436 et

602 2525 763 2611 obligata
785 2543 890 2611 3333.
928 2527 966 2591 31
988 2525 1018 2591 31
1042 2543 1108 2610 ego
1136 2524 1338 2591 nominatus
1362 2528 1484 2611 petrus
1509 2525 1696 2593 defunctus
1720 2525 1820 2592 fuero
1844 2527 1882 2590 et
1903 2523 2052 2591 heredes
2083 2523 2127 2590 de
2152 2543 2207 2592 me
2231 2543 2301 2592 333
2325 2525 2455 2601 fuerit,

602 2681 639 2754 et
661 2682 868 2766 pervenerit
892 2681 970 2766 ipsa
995 2680 1101 2746 rebus
1125 2678 1171 2746 ed
1195 2681 1408 2746 extraneam
1432 2697 1649 2766 personam,
1683 2682 1769 2747 tunc
1792 2679 1871 2765 ipsa
1896 2681 1998 2746 bucte
2021 2679 2093 2746 iam
2119 2699 2190 2746 non
2213 2680 2384 2747 concietis
2408 2683 2454 2748 31

604 2833 719 2919 ipsam
742 2837 955 2901 extraneam
979 2852 1179 2920 personam,
1206 2834 1300 2920 quod
1323 2833 1495 2901 subiunxi
1518 2853 1585 2920 ego
1607 2833 1834 2921 supradictus
1858 2833 2043 2901 mirandus
2067 2834 2242 2902 notarius.
2269 2837 2449 2922 1133313-

602 2987 694 3055 mari
718 3005 774 3054 me
797 2987 1000 3074 subscripsi.
1027 2991 1102 3072 Ego
1125 2986 1272 3053 alderisi
1298 2988 1437 3054 notario
1462 3006 1518 3053 me
1540 2987 1745 3074 subscripsi.
1779 2987 1910 3056 Deinde
1934 2989 2002 3056 1331
2025 2989 2148 3075 legere
2171 2989 2268 3075 13333
2291 2991 2462 3058 cartulas.

603 3159 672 3228 que
693 3141 770 3226 ipse
793 3138 944 3208 disidius
965 3139 1150 3217 ostendit;
1175 3139 1294 3226 prima
1315 3143 1418 3207 sexto
1442 3158 1534 3208 auno
1559 3141 1783 3228 principatus
1806 3140 1926 3209 domni
1949 3141 2124 3218 iohanni,
2158 3144 2196 3210 et
2218 3143 2334 3231 primo
2357 3161 2458 3211 anno·

602 3293 719 3361 domni
742 3294 937 3380 guaimarii
961 3293 1038 3360 eius
1060 3294 1154 3370 illii,
1191 3312 1312 3361 mense
1336 3294 1489 3380 magius,
1514 3281 1669 3362 secunda
1693 3293 1899 3361 indictione.
1939 3297 2063 3382 petrus
2086 3295 2181 3362 111133
2220 3296 2314 3383 petri
2339 3296 2447 3364 iudici

603 3447 869 3516 venundederat
891 3448 991 3534 giezo
1015 3449 1091 3513 illio
1116 3445 1283 3514 iohannis
1306 3465 1370 3532 pro
1395 3453 1470 3516 vice
1494 3465 1588 3516 anne
1611 3448 1734 3515 uxoris
1758 3448 1834 3516 eius
1858 3448 2054 3535 applictum
2089 3449 2133 3516 de
2156 3451 2256 3517 terra
2290 3469 2371 3518 cum
2395 3470 2457 3518 so-

601 3603 693 3672 lario
716 3603 762 3671 31
785 3605 929 3670 hortum
955 3621 1140 3687 magnum.
1166 3601 1221 3668 Ab
1243 3601 1382 3669 oriente
1404 3602 1474 3668 1133
1497 3601 1608 3688 ipsius
1631 3601 1752 3689 petri,
1785 3602 1880 3670 sicut
1904 3602 2062 3672 1331313
2087 3621 2215 3671 arcora
2239 3603 2373 3672 fabrita
2401 3605 2458 3672 di*

602 3759 815 3833 scernebat,
840 3758 877 3822 et
899 3754 1005 3842 pedes
1029 3757 1178 3842 septem:
1205 3755 1234 3820 A
1258 3754 1513 3840 septemtrione
1535 3755 1606 3822 fine
1629 3755 1733 3831 eius,
1759 3756 1796 3822 et
1817 3755 1924 3842 pedes
1946 3754 2067 3822 decem
2091 3759 2128 3822 31
2150 3759 2252 3823 octo:
2278 3759 2333 3824 Ab
2355 3763 2444 3826 occi-

602 3911 708 3978 dente
729 3911 799 3976 fine
824 3909 900 3976 eius
923 3910 961 3975 et
982 3908 1089 3995 pedes
1112 3911 1248 3995 septem
1271 3910 1308 3974 31
1330 3907 1517 3976 summisse
1541 3927 1653 3975 unum
1678 3911 1714 3976 31
1739 3907 1842 3976 33313
1864 3911 1960 3976 tres:
1986 3911 2017 3974 A
2041 3908 2189 3976 meridie
2211 3911 2282 3976 1133
2304 3911 2349 3978 13
2372 3930 2464 3977 con«

601 4067 757 4133 sortibus
781 4064 869 4142 eius,
894 4064 987 4130 31331
1009 4063 1101 4130 13313
1125 4063 1168 4131 13
1191 4062 1329 4150 pariete
1353 4062 2043 4152 131131131133313113133133133313
2067 4067 2105 4131 31
2118 4067 2253 4151 septem
2277 4069 2314 4132 et
2338 4065 2450 4132 uncie·

600 4221 690 4296 tres,
715 4221 920 4285 mensurate
942 4217 988 4286 ad
1012 4218 1122 4285 talem
1144 4217 1281 4304 pedem,
1308 4220 1479 4305 quantum
1502 4219 1646 4285 cartula
1668 4217 1745 4304 1333
1767 4217 1807 4286 13
1830 4219 1946 4304 333113
1962 4221 2042 4286 erat
2065 4221 2151 4296 1313,
2176 4239 2258 4286 cum
2281 4219 2454 4290 omnibus

602 4372 697 4439 intro
722 4390 762 4442 se.
783 4370 1000 4439 habentibus
1021 4372 1059 4438 et
1081 4371 1155 4438 3313
1178 4371 1435 4458 pertinentiis,
1461 4374 1602 4439 etcum
1625 4371 1703 4440 vice
1725 4371 1768 4439 de
1791 4372 1913 4440 andito
1936 4372 1980 4440 de
2003 4373 2082 4460 ipsa
2107 4373 2308 4442 venditione
2332 4392 2455 4460 usque·

601 4523 723 4609 platea
746 4521 905 4600 maiore,
933 4525 973 4589 ut
994 4522 1090 4591 iusta
1113 4523 1254 4592 ratione
1277 4541 1358 4590 cum
1381 4521 1525 4591 illorum
1549 4523 1836 4610 congruitatibus
1858 4525 2050 4610 ingredere
2073 4527 2110 4593 31
2133 4526 2322 4612 regredere
2344 4531 2441 4614 pote-

601 4678 669 4756 ret,
694 4679 833 4746 etcum
856 4677 1021 4746 sericidio
1045 4680 1151 4745 extra
1174 4678 1253 4764 ipsa
1276 4695 1457 4745 mensura:
1483 4697 1506 4746 3
1528 4676 1805 4766 septemptricne
1827 4677 1867 4744 in
1888 4695 1952 4745 suo
1975 4677 2169 4755 occidente,
2195 4682 2232 4746 et
2254 4699 2277 4748 3
2301 4681 2462 4749 meridie

602 4834 753 4901 haberet
774 4831 979 4899 sericidium
1004 4829 1043 4899 in
1065 4831 1145 4918 ipsa
1168 4831 1364 4901 mensuria.
1388 4834 1426 4900 et
1448 4832 1527 4920 ipsa
1551 4851 1642 4900 uxor
1665 4831 1742 4899 3133
1765 4832 1902 4900 eteius
1925 4819 2077 4901 heredes'
2108 4831 2207 4902 inira
2240 4836 2320 4922 ipsa
2354 4855 2467 4904 men-

601 4986 702 5053 suria
724 5003 813 5072 erga
836 4986 909 5071 ipse
933 4985 1071 5072 pariete
1094 4985 1138 5052 de
1161 4988 1343 5053 consertes
1365 4987 1441 5054 eius
1464 4987 1624 5054 canalem
1648 5004 1777 5074 ponere
1799 4990 1836 5054 et
1865 4988 2010 5064 habere,
2038 4991 2194 5074 utaque
2218 5007 2287 5076 que
2311 4988 2455 5058 discur-

602 5139 693 5209 serit
716 5139 760 5206 de
784 5139 862 5225 ipsa
886 5139 1086 5208 venditione
1110 5139 1288 5207 cecideret
1310 5141 1349 5208 in
1372 5141 1447 5228 ipso
1471 5145 1626 5220 canale,
1667 5142 1770 5209 etde
1794 5145 1870 5231 ipso
1893 5145 2019 5212 canale
2053 5145 2272 5214 discurreret
2304 5146 2344 5216 in
2368 5147 2462 5234 ipsa

602 5292 673 5359 dne
694 5311 760 5360 sua
783 5295 829 5360 ab
850 5293 1027 5361 occidente
1052 5294 1095 5362 ad
1120 5293 1321 5362 laciendum
1345 5295 1427 5362 inde
1451 5296 1529 5383 ipse
1552 5315 1649 5366 anna
1671 5298 1806 5366 eteius
1829 5297 2005 5376 heredes,
2041 5300 2134 5388 quod
2157 5301 2324 5368 voluerit.
2359 5303 2461 5370 3131

601 5444 692 5513 illud
712 5445 765 5513 eis
788 5446 976 5514 defendere
1002 5466 1073 5515 non
1096 5448 1308 5535 potuerint,
1348 5449 1392 5515 de
1415 5449 1568 5517 colludio
1592 5451 1643 5519 eis
1667 5450 1831 5520 iurarent
1853 5456 1889 5521 et
1912 5453 2097 5522 traderent
2134 5455 2185 5522 cis
2209 5455 2332 5543 ibique
2376 5457 2467 5526 alia.

603 5601 707 5668 tanta
729 5601 766 5666 et
788 5599 1009 5670 consimilem
1039 5619 1114 5668 rem
1139 5621 1220 5669 cum
1245 5602 1319 5668 3313
1342 5602 1502 5682 edificiis,
1528 5603 1645 5690 qualis
1669 5603 1793 5671 diebus
1815 5623 1892 5672 esse
1914 5605 2088 5692 paruerit.
2111 5609 2166 5674 ‘et
2190 5607 2221 5674 si
2255 5608 2468 5695 aliquando

602 5757 762 5842 tempore
784 5755 862 5841 ipsa
885 5757 1086 5824 venditione
1112 5759 1295 5828 vinditura
1318 5760 1486 5830 habuerit
1508 5761 1576 5848 ipsi
1599 5762 1699 5847 petro
1724 5763 1760 5828 et
1783 5761 1881 5830 illius
1902 5760 2113 5842 heredibus,
2140 5761 2229 5830 illud
2253 5763 2453 5832 vinderent
2498 5823 2501 5826 .
