5454 7104
632 498 699 572 itt
1263 499 1438 575 CODEX
1471 501 1738 575 GAVENSIS

585 691 802 762 monasterio
825 693 871 760 ad
895 693 1142 781 pastinationis
1165 695 1315 765 hordine
1339 695 1377 762 in
1401 693 1510 762 tertia
1533 714 1617 783 pars
1641 695 1706 763 tibi
1731 713 1812 762 urso
1835 691 1906 762 filio
1922 693 2101 782 quondam
2125 693 2252 762 callini
2275 711 2339 778 per
2362 665 2432 760 hasw

585 863 764 914 mensura.
790 848 829 912 In
854 846 981 932 primis
1004 845 1084 934 ipsa
1109 850 1210 916 huna
1232 850 1336 935 pecia
1358 851 1401 917 de
1426 853 1526 917 terra
1548 866 1656 936 super
1679 847 1758 934 ipsa
1782 848 1840 916 bia
1863 867 1886 916 a
1908 867 1993 934 pars
2016 845 2209 915 occidentis
2232 849 2316 914 sunt
2338 845 2433 932 passi

590 997 750 1085 triginta
774 995 958 1086 quinque:
999 1000 1042 1066 de
1065 1019 1174 1087 super
1197 1021 1228 1094 a,
1243 1020 1327 1087 pars
1349 1002 1499 1068 meridie
1522 999 1618 1086 passi
1642 1000 1884 1088 quadraginta
1907 1003 2034 1068 nobem
2069 1005 2106 1067 et
2129 1000 2287 1067 cubitum
2313 968 2435 1065 unum:

583 1153 730 1221 orientis
753 1153 917 1240 partibus
941 1157 1025 1223 abet
1047 1156 1143 1241 passi
1167 1154 1412 1242 quadraginta
1438 1175 1507 1223 uno
1529 1161 1566 1224 et
1589 1157 1712 1224 cubita
1733 1153 1825 1234 dua,
1851 1159 1887 1222 et
1910 1174 1974 1242 per
1997 1175 2062 1222 ora
2085 1155 2163 1242 ipsa
2189 1155 2246 1222 bia
2270 1153 2436 1239 usquein

584 1309 701 1393 prima
716 1308 787 1374 flne
813 1309 897 1375 sunt
920 1308 1015 1394 passi
1032 1309 1276 1396 quadraginta
1290 1313 1381 1377 octo.
1409 1313 1453 1377 Et
1476 1311 1554 1398 ipsa
1577 1313 1652 1378 alia
1676 1311 1778 1397 pecia
1801 1312 1925 1378 subtus
1949 1310 2027 1396 ipsa
2043 1310 2101 1377 bia
2125 1312 2234 1376 habet
2250 1325 2433 1374 mensura:

584 1481 606 1528 a
628 1481 712 1546 pars
735 1463 928 1531 occidentis
958 1465 1053 1551 passi
1077 1468 1203 1532 nobem
1227 1471 1264 1532 et
1286 1485 1350 1552 per
1366 1466 1445 1552 ipsa
1468 1467 1529 1534 bia
1545 1467 1640 1552 passi
1665 1467 1920 1552 quadraginta:
1938 1485 1960 1532 a
1976 1483 2061 1550 pars
2073 1463 2222 1531 orientis
2238 1466 2323 1529 sunt
2340 1462 2434 1548 passi

584 1615 712 1700 viginti
735 1617 804 1684 duo
827 1620 863 1683 et
886 1619 1011 1686 cubita
1035 1620 1118 1686 dua:
1144 1618 1186 1685 de
1210 1621 1335 1686 subtus
1359 1641 1381 1686 a
1404 1639 1488 1706 pars
1511 1619 1774 1706 septemtrionis
1799 1639 1909 1706 usque
1933 1621 1971 1685 in
1994 1621 2109 1704 prima
2132 1619 2202 1684 fine
2225 1621 2309 1683 sunt
2332 1612 2428 1701 passi

585 1771 827 1856 quadraginta
849 1772 969 1846 huno,
1007 1791 1086 1837 cum
1110 1773 1230 1838 omnia
1254 1769 1351 1838 inira¹
1373 1789 1410 1836 se
1434 1773 1647 1840 habentibus
1671 1772 1716 1839 ad
1741 1774 1833 1840 iusto
1857 1791 1998 1858 passum
2023 1792 2104 1838 cum
2126 1773 2224 1838 linea
2248 1789 2435 1836 mensura-

586 1927 658 1989 tum
682 1927 820 1990 etcum
847 1923 922 1990 vico
949 1924 1095 1998 deviis,
1122 1927 1161 1990 ut
1185 1925 1294 1991 liceat
1317 1925 1433 2010 ipsum
1459 1945 1539 1992 urso
1562 1931 1598 1992 et
1621 1930 1698 1993 eius
1722 1927 1882 2004 heredes
1910 1931 1993 1994 nato
2019 1931 2201 2000 nascente,
2228 1927 2303 2010 ipse
2329 1929 2435 1990 rebus

585 2079 715 2152 sobere,
745 2079 922 2154 laveram,
949 2079 1065 2155 vinea,
1092 2079 1227 2164 pomis,
1257 2080 1385 2146 salices
1409 2081 1593 2164 pastinare
1615 2083 1651 2145 et
1675 2082 1788 2148 omnis
1811 2100 1874 2148 sue
1899 2081 2091 2149 hutilitatis
2116 2081 2271 2147 hividem
2297 2081 2432 2151 facero,

585 2241 621 2298 et
644 2233 826 2300 licentiam
850 2237 982 2300 haveat
1005 2235 1079 2317 ipse
1103 2237 1139 2299 et
1162 2236 1236 2299 suis
1260 2233 1452 2298 heredibus
1475 2234 1514 2299 in
1539 2237 1644 2300 rebus
1668 2234 2036 2324 predictimonasteri
2061 2235 2235 2308 introire,
2272 2235 2308 2298 et
2332 2234 2426 2298 insta

586 2387 759 2453 rationem
785 2391 933 2454 arbores
959 2387 1043 2452 iude
1069 2387 1227 2453 incidere
1251 2405 1315 2471 pro
1338 2387 1492 2453 clusurio
1516 2390 1552 2451 ot
1573 2387 1749 2470 pedamen
1774 2387 2003 2464 laciendum,
2029 2391 2066 2452 et
2089 2387 2241 2453 hamodo
2265 2391 2301 2451 et
2325 2403 2433 2472 usque

585 2559 695 2606 annos
718 2545 853 2626 septem
877 2541 1046 2627 quicquid
1072 2542 1193 2607 vinum
1218 2541 1273 2605 vel
1298 2529 1439 2625 frugem
1463 2541 1546 2606 inde
1571 2541 1714 2618 exierit,
1734 2543 1831 2608 vobis
1855 2541 2052 2627 vestrisque
2069 2541 2258 2606 heredibus
2282 2542 2355 2605 sint
2373 2560 2429 2625 po-

585 2695 718 2772 testati;
737 2697 816 2780 post
839 2695 1004 2779 complcti
1029 2713 1113 2760 vero
1136 2711 1247 2760 annos
1272 2701 1405 2779 septem
1430 2693 1472 2758 de
1496 2693 1573 2780 ipsa
1598 2697 1703 2760 rebus
1726 2697 1849 2761 subtus
1873 2695 1951 2780 ipsa
1974 2694 2034 2760 via
2057 2695 2148 2760 detis
2172 2693 2216 2759 ad
2234 2694 2430 2778 predictum

585 2849 839 2916 monasterium
867 2849 1095 2916 medietatem
1119 2853 1155 2914 ct
1179 2849 1215 2914 in
1239 2848 1316 2933 ipsa
1340 2844 1529 2914 medietate
1553 2849 1713 2915 habeatis
1754 2851 1849 2914 intra
1872 2849 1941 2934 ipsi
1966 2849 2060 2934 passi
2091 2847 2213 2915 sedilia
2253 2851 2289 2914 et
2312 2849 2434 2934 platea

584 3022 664 3068 cum
688 3003 780 3068 iusto
804 3004 906 3068 horto
932 3002 1094 3068 habeatis
1120 3001 1251 3066 aforis
1276 3019 1375 3066 secus
1401 2999 1468 3084 ipsi
1493 3000 1614 3084 passi,
1639 3005 1676 3066 et
1699 3001 1788 3067 dotis
1813 3002 1912 3066 nobis
1938 3001 2138 3087 nostrisque
2161 3001 2433 3086 posterioribus,

584 3159 621 3220 et
644 3173 727 3240 pars
752 3156 867 3240 ipsum
885 3154 1139 3221 monasterium
1163 3155 1207 3220 ad
1233 3155 1449 3238 palmentum
1474 3155 1609 3220 sactum
1633 3157 1799 3238 paratum
1824 3153 1969 3219 tertiam
1995 3173 2086 3237 pars,
2103 3157 2140 3220 et
2155 3155 2197 3220 de
2213 3156 2309 3222 omni
2326 3158 2431 3240 fruge

586 3314 727 3380 tertiam
752 3331 835 3398 pars
862 3313 967 3378 robis
990 3313 1188 3395 vestrisque
1213 3310 1423 3386 heredibus,
1450 3311 1534 3375 nato
1559 3314 1749 3385 nascente,
1776 3309 1938 3404 lraveatis
1962 3309 2036 3394 ipse
2061 3310 2126 3375 duc
2150 3311 2330 3388 sortibuS,
2357 3313 2432 3378 sinc
2534 3341 2537 3346 ·

584 3467 680 3534 omni
704 3466 959 3533 contrarietate
983 3485 1073 3542 mea,
1092 3467 1128 3530 et
1152 3465 1195 3530 de
1220 3464 1307 3530 meis
1324 3463 1592 3550 posterioribus,
1610 3467 1646 3528 ot
1670 3481 1754 3548 pars
1779 3465 1893 3548 ipsum
1912 3465 2180 3531 monasterium.
2206 3467 2294 3530 Nam
2318 3466 2348 3531 si
2374 3469 2434 3532 bos

585 3622 640 3686 vel
665 3623 798 3687 vestros
822 3620 969 3686 heredes
992 3619 1075 3685 inde
1101 3618 1276 3694 exieritis,
1301 3618 1485 3684 licentiam
1510 3613 1673 3684 habeatis
1696 3615 1798 3682 exire
1822 3637 1902 3683 cum
1926 3617 2047 3722 omnia
2071 3624 2190 3684 vestra
2222 3619 2367 3686 mobilia
2394 3621 2431 3686 ct

584 3775 720 3859 periore
745 3773 832 3840 hubi
856 3773 953 3840 vobis
979 3773 1185 3858 placuerit;
1223 3775 1259 3838 et
1281 3772 1312 3838 si
1338 3791 1448 3858 usque
1474 3773 1546 3836 tros
1570 3769 1655 3835 anni
1680 3769 1811 3835 iterum
1836 3769 1873 3834 in
1898 3769 1976 3854 ipsa
2000 3773 2106 3836 rebus
2145 3755 2280 3838 reborsi
2304 3775 2433 3850 fucrit,

583 3927 713 3994 iterum
738 3927 814 4012 ipsa
842 3930 947 3994 rebus
965 3926 1063 3993 vobis
1088 3925 1287 4012 vestrisque
1304 3925 1494 3991 heredibus
1517 3923 1589 3991 sint
1611 3921 1790 4009 potestati,
1810 3926 1944 4011 absque
1968 3926 2065 3990 omni
2082 3927 2337 3994 contrarietate
2355 3949 2435 3996 mea

583 4089 639 4154 vel
663 4086 706 4152 de
729 4087 818 4152 meis
842 4083 1099 4170 posterioribus
1122 4087 1158 4150 et
1181 4101 1265 4168 pars
1288 4083 1403 4184 ipsum
1428 4081 1697 4150 monasterium.
1723 4081 1819 4157 Quod
1843 4085 1872 4148 si
1898 4083 2022 4147 taliter
2046 4085 2434 4152 postcommunio

584 4243 715 4327 otpinta'
744 4239 942 4306 solidorum
968 4238 1056 4305 carri
1075 4237 1316 4304 detestamini.
1343 4235 1441 4312 Quod
1463 4235 1493 4304 si
1519 4235 1639 4302 taliter
1661 4236 1781 4303 omnia
1796 4236 2050 4322 adimplendum
2075 4208 2209 4322 guadia
2229 4237 2349 4313 michi,
2365 4259 2437 4306 me-

583 4414 662 4462 cum
688 4395 827 4462 adesset
849 4392 1013 4478 predicto
1037 4391 1266 4468 advocatori,
1292 4390 1390 4458 dedit
1413 4390 1488 4476 ipso
1514 4409 1595 4457 urso
1619 4392 1656 4456 et
1677 4390 1916 4458 fideiussorem
1942 4391 2051 4458 michi
2076 4393 2192 4477 posuit
2215 4393 2370 4460 iohanne
2397 4397 2435 4462 tl·
2469 4376 2475 4388 ’

583 4549 672 4616 lium
696 4548 790 4636 petri
814 4546 1022 4615 musuricla.
1050 4547 1094 4613 at
1117 4547 1212 4613 hunc
1237 4547 1379 4613 brebem
1406 4543 1549 4612 scribsit
1573 4562 1638 4630 ego
1663 4544 1791 4612 landus
1815 4545 1990 4630 presbiter
2014 4551 2050 4614 et
2073 4548 2246 4625 notarius;
2265 4551 2363 4615 actus
2387 4551 2435 4616 ci-

529 4739 535 4756 ·
583 4704 702 4772 lentus
726 4699 893 4770 feliciter.

627 4855 655 4946 †
679 4857 753 4940 Ego
777 4871 875 4921 urso.

628 5009 656 5099 †
679 5011 753 5094 Ego
777 5007 952 5074 mirando.
