5452 7108
1254 465 1434 540 CODEX
1475 465 1743 548 carnosis

1399 735 1588 816 MLXI

1354 985 1413 1058 A.
1441 981 1499 1056 D.
1528 979 1651 1056 1046

617 1215 644 1307 †
669 1219 708 1283 ln
731 1217 873 1284 nomine
895 1217 1030 1286 domini
1053 1219 1219 1286 vicesimo
1243 1219 1397 1284 hoctabo
1420 1236 1514 1283 anno
1538 1216 1761 1302 principatus
1783 1215 1918 1282 salerni
1947 1211 2065 1282 domni
2093 1215 2206 1280 nostri
2237 1214 2431 1298 guaimarii

572 1369 720 1454 gloriosi
743 1369 928 1456 principis,
955 1374 991 1438 et
1013 1374 1139 1440 oetabo
1164 1391 1257 1439 anno
1281 1371 1505 1458 principatus
1529 1369 1605 1435 eius
1628 1385 1739 1452 capue
1755 1368 1791 1432 et
1806 1366 1956 1432 ducatus
1971 1365 2103 1440 amalfi,
2122 1367 2158 1430 et
2172 1357 2432 1450 septimo'anno
2469 1385 2474 1396 ·

574 1525 722 1590 ducatus
746 1525 846 1591 illius
869 1525 1044 1603 sirrentu,
1070 1529 1106 1592 et
1130 1525 1254 1612 quinto
1277 1543 1372 1591 anno
1388 1523 1720 1610 'suprascriptorum
1743 1521 2007 1609 principatuum
2032 1523 2068 1586 et
2091 1521 2283 1616 ducatuum
2307 1518 2427 1585 domni
2524 1575 2527 1582 .

572 1679 691 1760 gisulfi
715 1679 792 1744 eius
814 1678 881 1744 filii
905 1679 1014 1745 eximi
1038 1678 1211 1766 principis
1234 1681 1272 1744 et
1296 1678 1408 1755 duciS,
1423 1680 1460 1744 et
1483 1680 1610 1765 quarto
1634 1697 1728 1744 anno
1743 1677 1893 1744 ducatus
1908 1675 2052 1742 illorum
2068 1674 2188 1761 apulie
2203 1675 2240 1740 et
2254 1672 2427 1747 calabrie,

574 1851 693 1899 nrense
718 1833 866 1918 apreliS,
894 1833 1163 1920 quartadecima
1186 1832 1396 1899 indictione.
1422 1835 1497 1916 Ego
1513 1831 1670 1898 Alterius
1686 1830 1856 1896 diaconus
1871 1828 2150 1914 archipresbiter
2165 1831 2201 1893 et
2217 1831 2326 1894 abbas
2337 1826 2434 1892 filius

572 1987 750 2073 quondam
763 1988 868 2055 alieri
881 1988 1019 2055 comitis
1032 1990 1115 2054 ante
1128 1989 1236 2053 testes
1249 1986 1294 2052 ad
1313 1986 1505 2052 tenendum
1518 1988 1554 2050 et
1566 1988 1800 2053 laborandum
1816 1983 1949 2052 tradidi
1965 1983 2058 2070 petri
2073 1984 2146 2050 filio
2163 1982 2340 2070 quondam
2356 1983 2434 2049 ursi

575 2140 728 2226 ardingu
741 2144 777 2206 et
789 2141 953 2227 iaquintu
967 2141 1061 2207 riezu
1078 2141 1150 2208 illio
1163 2141 1345 2228 quondam
1360 2143 1453 2227 petri
1477 2141 1646 2208 abitatori
1659 2141 1701 2206 de
1714 2141 1790 2206 loco
1807 2137 1954 2205 nuceria
1970 2155 2026 2203 res
2042 2137 2263 2223 pertinentes
2280 2136 2435 2202 ecclesia

575 2294 690 2360 sancti
707 2295 855 2361 maximi
871 2314 939 2380 que
956 2297 1038 2361 abet
1054 2295 1093 2361 in
1109 2297 1185 2360 loco
1202 2313 1330 2379 angre,
1346 2295 1406 2361 ubi
1430 2297 1655 2398 casamabele
1666 2294 1810 2369 dicitur,
1836 2313 1904 2379 que
1916 2295 1971 2358 est
1983 2311 2039 2358 res
2062 2291 2140 2377 ipsa
2155 2310 2218 2376 per
2233 2309 2272 2357 as
2287 2291 2374 2356 fines
2390 2294 2427 2356 et

576 2465 776 2512 mensuras:
787 2466 809 2512 a
821 2449 923 2531 parte
938 2447 1086 2512 orientis
1101 2447 1170 2512 fine
1188 2449 1293 2512 rebus
1311 2447 1421 2532 ipsius
1434 2449 1583 2514 ecclesie
1597 2448 1688 2514 unde
1703 2447 1760 2514 bia
1776 2447 1855 2523 fuit,
1869 2445 1951 2512 inde
1964 2449 2047 2512 sunt
2058 2444 2152 2531 passi
2164 2446 2304 2511 centum
2322 2462 2437 2510 noua-

576 2601 864 2688 gintaquadtuor
877 2620 987 2687 usque
998 2601 1057 2668 bie
1068 2601 1292 2686 quemodose
1304 2601 1455 2676 anda,et
1464 2601 1649 2686 peripsam
1663 2600 1757 2666 biam
1767 2577 1938 2686 pergente
1953 2597 1992 2664 in
2007 2599 2145 2682 partem
2159 2595 2306 2662 meridie
2321 2612 2432 2679 usque

576 2751 650 2817 alia
663 2752 721 2817 bia
733 2753 889 2838 publica,
903 2755 987 2817 sunt
999 2751 1082 2818 inde
1096 2752 1189 2838 passi
1204 2753 1631 2840 quadragintaquinque:
1646 2775 1668 2820 a
1680 2757 1782 2839 parte
1794 2752 1956 2820 meridiei
1968 2753 2037 2818 fine
2049 2752 2160 2837 ipsius
2172 2751 2332 2826 ecclesie,
2351 2753 2436 2817 sunt

575 2905 657 2971 inde
674 2906 767 2990 passi
778 2909 921 2971 centum
935 2905 1234 2991 quattuordecim:
1249 2925 1270 2972 a
1283 2909 1387 2992 parte
1399 2906 1592 2972 occidentis
1605 2909 1741 2972 rectum
1754 2863 1950 2972 mensurati
1963 2904 2057 2990 passi
2072 2903 2302 2988 septuaginta
2311 2922 2434 2978 unum,

478 3048 481 3052 ’
513 3135 516 3140 Ι
576 3063 612 3124 et
623 3062 669 3126 ab
680 3059 762 3126 inde
776 3060 981 3125 rebolbente
994 3061 1131 3126 rectum
1145 3059 1182 3124 in
1195 3058 1272 3144 ipsa
1284 3064 1388 3146 parte
1400 3059 1593 3126 occidentis
1606 3063 1642 3124 et
1653 3060 1797 3126 exiente
1812 3078 1920 3145 usque
1936 3059 1981 3124 ad
1997 3059 2101 3124 tinem
2118 3058 2161 3124 de
2177 3057 2299 3123 eredes
2315 3057 2437 3124 domni

577 3213 731 3278 arechisi
754 3214 838 3276 sunt
861 3211 944 3276 inde
968 3211 1064 3296 passi
1088 3211 1288 3295 nonaginta
1313 3214 1494 3298 quattuor,
1520 3216 1557 3278 et
1580 3213 1708 3279 abinde
1732 3214 1904 3300 pergente
1935 3212 1974 3279 in
2004 3213 2143 3298 partem
2174 3209 2438 3296 septemtrionis

578 3381 641 3447 per
663 3363 769 3428 finem
792 3363 904 3448 ipsius
927 3362 1078 3428 ecclesie
1101 3364 1185 3428 sunt
1208 3363 1303 3447 passi
1327 3364 1510 3449 octoginta
1534 3366 1721 3449 quattuor:
1749 3384 1772 3430 a
1799 3367 1902 3450 parte
1933 3363 2195 3449 septemtrionis
2225 3363 2294 3428 fine
2324 3361 2438 3448 ipsius

578 3518 740 3594 ecclesie,
767 3517 849 3583 inde
873 3517 968 3602 passi
992 3521 1135 3583 centum
1158 3517 1389 3601 sebtuaginta
1402 3520 1572 3614 quattuor
1588 3519 1785 3586 mensurati
1801 3521 1847 3586 ad
1862 3519 1954 3586 iusto
1970 3537 2112 3605 passum
2128 3519 2252 3585 omini.
2270 3517 2435 3584 Inclitum

578 3687 643 3754 ego
666 3671 824 3756 ipsorum
847 3669 1083 3756 suprascripti
1106 3671 1200 3755 petri
1223 3673 1260 3735 et
1283 3670 1438 3757 iaquinti
1462 3672 1614 3739 tradidit
1636 3673 1721 3740 illut
1743 3693 1807 3762 per
1830 3675 2071 3761 suprascripte
2093 3675 2173 3740 finis
2197 3677 2233 3741 et
2256 3692 2435 3750 mensure,

579 3828 644 3894 tali
667 3828 805 3904 ordine,
832 3830 872 3894 ut
895 3829 1020 3895 amodo
1044 3830 1081 3894 et
1102 3846 1254 3914 semper,
1274 3831 1375 3894 natos
1399 3831 1615 3905 nasseentes,
1634 3829 1779 3896 illorum
1804 3830 1905 3897 etde
1929 3831 2074 3896 illorum
2087 3830 2235 3896 heredes
2251 3829 2325 3895 sint
2340 3832 2439 3915 pote-

578 3982 681 4050 statis
705 3982 790 4048 illut
812 3983 1018 4057 tenendum,
1044 3983 1142 4049 sebee
1166 3984 1203 4047 et
1224 3981 1338 4048 omnis
1362 3981 1507 4048 illorum
1532 3983 1700 4050 utilitatis
1724 3985 1773 4052 ibi
1797 3985 1934 4053 saciant
1956 3987 2060 4052 iuxta
2084 3985 2271 4061 rationem,
2297 3987 2334 4050 et
2356 4003 2441 4052 casa

579 4137 752 4224 lingnitia
775 4137 825 4204 ibi
848 4137 924 4203 illis
947 4136 1084 4204 iaciant
1107 4140 1143 4204 et
1167 4140 1298 4204 abeant
1321 4141 1414 4204 bona
1437 4138 1530 4205 sicut
1552 4140 1737 4216 meruerit,
1763 4141 1864 4206 clusa
1887 4143 1923 4207 et
1946 4142 2123 4226 cooperta,
2149 4143 2186 4206 et
2200 4158 2340 4225 semper
2363 4138 2441 4205 illis

578 4293 637 4358 'vel
661 4291 808 4358 illorum
832 4291 954 4357 eredes
977 4279 1028 4357 ibi
1043 4291 1208 4358 'residere
1231 4295 1268 4357 et
1291 4291 1443 4368 abitare,
1469 4297 1505 4358 et
1527 4312 1667 4380 semper
1690 4313 1754 4380 per
1776 4313 1897 4361 omnes
1921 4311 2032 4360 annos
2064 4296 2145 4362 abto
2177 4297 2335 4380 tompore
2368 4293 2442 4360 illis

580 4449 657 4535 ipsa
680 4446 874 4513 traditione
898 4448 1064 4513 laborare
1088 4447 1130 4512 de
1154 4451 1320 4532 superet
1344 4448 1386 4513 de
1410 4449 1544 4524 subter,
1570 4447 1663 4514 sieut
1686 4450 1783 4513 loeus
1807 4448 1882 4534 ipse
1906 4449 2091 4524 meruerit,
2109 4451 2145 4513 et
2161 4448 2221 4514 ubi
2245 4448 2438 4522 meruerit,

584 4623 648 4691 per
670 4605 785 4671 omnis
809 4623 943 4671 annum
968 4606 1113 4671 arbores
1137 4606 1173 4669 et
1196 4603 1286 4669 bites
1310 4603 1353 4669 de
1378 4606 1467 4670 bono
1495 4603 1627 4669 bitineo
1651 4604 1829 4688 plantare,
1855 4607 1903 4679 et,
1929 4601 1989 4667 ubi
2013 4602 2196 4678 meruerit,
2229 4621 2293 4688 per
2324 4603 2439 4668 omnis

582 4779 715 4826 annum
739 4746 823 4825 illut
846 4759 1099 4845 propaginare,
1125 4759 1173 4835 et,
1192 4756 1253 4824 ubi
1269 4757 1455 4833 meruerit,
1474 4758 1587 4823 tetum
1610 4756 1695 4823 illut
1706 4755 1850 4822 cludere
1865 4757 1901 4820 et
1924 4741 2063 4841 semper
2085 4757 2230 4853 clusum
2247 4758 2283 4822 et
2298 4759 2440 4823 salbum

582 4914 667 4980 illut
689 4915 809 4989 abere,
824 4915 865 4978 ut
887 4931 951 4998 per
974 4895 1089 4978 omnis
1102 4931 1236 4978 annum
1253 4914 1385 4978 bonum
1402 4911 1537 4996 paread
1553 4911 1756 4976 laboratum
1769 4911 1805 5002 et
1819 4906 2026 4985 studiatum,
2046 4910 2085 4974 ut
2099 4926 2238 4994 semper
2253 4909 2440 4995 proficiant

583 5069 620 5132 et
642 5085 713 5132 non
736 5065 953 5151 dispereant,
979 5067 1121 5131 tantum
1136 5063 1211 5130 illis
1227 5067 1284 5130 vel
1309 5063 1456 5130 illorum
1479 5063 1628 5130 heredes
1651 5062 1795 5148 integra
1810 5061 1888 5147 ipsa
1903 5061 2116 5128 tradietione
2139 5064 2344 5148 acompleti
2360 5068 2438 5131 octo

585 5216 683 5294 anni,
701 5199 749 5283 ‘ut
771 5216 895 5283 amodo
919 5203 956 5282 se
980 5217 1193 5301 compleant,
1220 5215 1408 5300 assingare
1425 5214 1535 5280 michi
1550 5215 1607 5280 vel
1623 5214 1668 5280 ad
1684 5217 1822 5299 partem
1846 5214 2003 5282 eiusdem
2026 5207 2173 5315 ecclesie
2197 5215 2341 5302 integra
2364 5217 2441 5303 ipsa

587 5371 778 5440 traditione
801 5373 902 5438 surta
926 5371 968 5437 de
993 5373 1177 5438 arbustum
1202 5374 1331 5438 bonum
1357 5371 1508 5438 bitatum
1533 5373 1576 5438 ed
1599 5377 1796 5458 operatum3
1822 5376 1870 5451 et,
1896 5374 1956 5440 ubi
1980 5361 2163 5452 meruerit,
2181 5334 2333 5474 clusum,
2350 5373 2444 5440 sicut

587 5527 630 5594 de
653 5529 772 5593 tantos
795 5544 908 5593 annos
931 5527 1029 5592 locus
1045 5525 1119 5611 ipse
1134 5524 1321 5597 meruerit,
1340 5523 1470 5592 abinde
1485 5525 1524 5591 in
1539 5528 1646 5591 antea
1661 5544 1799 5612 semper
1815 5526 1888 5592 illis
1904 5529 1959 5592 vel
1977 5514 2121 5594 illorum
2137 5487 2285 5594 heredes
2300 5492 2444 5614 integra

588 5681 835 5769 suprascripta
859 5680 1051 5746 traditione
1075 5680 1149 5747 illis
1173 5680 1275 5746 illam
1299 5679 1466 5746 laborare
1489 5680 1533 5746 de
1556 5699 1663 5768 super
1686 5685 1723 5748 et
1745 5681 1787 5748 de
1811 5685 1944 5761 subter,
1970 5687 2010 5750 ut
2035 5673 2174 5771 semper
2196 5683 2382 5772 proficiant
2404 5689 2441 5751 et
