5398 7106
580 411 693 506 'rso
1256 429 1436 503 conen
1473 430 1736 504 csvassis

566 626 719 696 meridie
744 629 812 694 line
838 626 897 692 via
921 624 1017 693 iusta
1040 625 1118 712 ipsa
1141 629 1336 703 mensoria,
1362 633 1398 694 et
1421 627 1515 714 pessi
1538 625 1698 692 sidecim:
1724 629 1770 694 ab
1792 625 1976 700 occidente
2000 625 2071 692 line
2091 625 2234 711 gisolii,
2261 628 2298 691 et
2320 634 2403 713 passi

565 783 800 870 septuaginta
823 782 981 848 hocto:a
1003 782 1256 868 septemtrione
1279 782 1349 848 iine
1372 782 1502 868 padule
1525 791 1562 848 et
1585 781 1667 848 inde
1691 781 1786 867 possi
1811 781 1942 866 viginti
1966 785 2003 846 ot
2025 799 2102 856 sein
2122 783 2167 857 ub
2189 781 2325 847 oriente
2346 784 2406 852 dne

560 939 736 1026 episcopio
759 955 942 1014 sarnense,
967 939 1004 1002 et
1027 938 1122 1024 passi
1146 937 1377 1022 septuaginta
1399 939 1490 1004 octo.
1519 937 1627 1004 tertie
1651 954 1733 1002 vero
1757 934 1859 1022 pecie
1882 935 1926 1002 de
1950 938 2049 1010 terre
2072 956 2149 1002 cum
2174 937 2330 1010 arbusto,
2354 941 2407 1007 ubi
2526 946 2528 951 ’
2567 1019 2570 1026 .

562 1092 698 1160 dicitur
722 1093 914 1168 casalina,
944 1112 1013 1178 que
1038 1095 1120 1160 abet
1144 1091 1225 1158 fluis
1248 1099 1283 1158 et
1308 1109 1504 1158 mensuras:
1530 1109 1553 1158 a
1576 1096 1677 1176 perte
1701 1091 1852 1158 orientis
1876 1091 1945 1156 tine
1968 1091 2028 1164 vie
2051 1091 2300 1164 conventia-rie
2321 1091 2407 1162 iusta

559 1247 641 1334 ipse
666 1249 725 1315 via
748 1248 949 1316 mensurati
973 1249 1070 1336 passi
1096 1249 1226 1334 viginti
1253 1247 1321 1314 duo
1345 1252 1380 1314 et
1404 1247 1472 1313 due
1496 1246 1583 1314 sorti
1608 1246 1651 1313 de
1676 1250 1784 1331 passi.
1811 1265 1833 1311 a
1856 1243 2113 1330 septemtrione
2136 1245 2204 1310 line
2229 1233 2341 1315 rebus'
2360 1247 2408 1333 ip-

558 1402 634 1469 sius
658 1401 821 1469 ecclesie.
848 1402 931 1470 inde
955 1419 1076 1488 passos
1100 1401 1330 1488 septuaginta
1354 1401 1551 1488 quadtuor:
1578 1420 1600 1466 a
1624 1402 1725 1486 parte
1749 1397 1942 1466 occidentis
1965 1398 2035 1463 fine
2060 1397 2174 1471 media
2196 1416 2293 1484 sepa,
2319 1399 2408 1472 iusta

559 1555 639 1642 ipsa
662 1575 744 1642 sepe
770 1555 979 1628 mensurati,
1006 1554 1102 1640 passi
1125 1555 1283 1641 quinqua
1307 1560 1342 1621 et
1359 1556 1526 1622 medium:
1552 1567 1588 1622 et
1613 1553 1766 1621 revolvit
1789 1553 1824 1620 in
1850 1553 1987 1620 oriente
2003 1551 2098 1640 passi
2123 1554 2278 1637 triginta
2303 1555 2414 1640 quad-

560 1712 670 1786 tuor,
697 1715 733 1776 et
757 1711 912 1776 rebolbit
935 1675 978 1775 in
995 1709 1146 1776 meridie
1170 1729 1233 1794 per
1257 1710 1343 1774 lines
1367 1709 1503 1775 laidulfl
1528 1709 1622 1794 passi
1647 1707 1940 1794 quadtuordecim
1965 1709 2002 1772 et
2024 1706 2194 1782 medium.
2228 1711 2265 1772 et
2289 1709 2410 1776 abinde

557 1865 711 1931 revolbit
733 1864 771 1930 in
795 1868 899 1949 parte
921 1863 1071 1931 orientis
1095 1883 1158 1950 per
1182 1865 1250 1931 fine
1273 1864 1510 1950 suprascripti
1534 1864 1663 1938 elferii,
1683 1870 1719 1929 et
1741 1864 1984 1947 coniungente
2007 1879 2045 1928 se
2068 1861 2106 1929 in
2129 1862 2252 1948 priora
2275 1863 2411 1931 lineet

557 2021 646 2085 sunt
670 2017 754 2085 inde
779 2017 875 2104 passi
898 2017 1168 2106 quadraginta,
1194 2018 1237 2086 ed
1264 2017 1356 2084 iusto
1380 2035 1485 2103 passu
1510 2015 1721 2084 mensurati.
1748 2017 1796 2080 Ec
1820 2033 1903 2081 varo
1925 2015 2171 2101 suprascripta
2195 2019 2301 2091 rebus
2323 2037 2403 2084 cum

556 2171 713 2239 arbustis
736 2173 773 2239 et
796 2191 947 2240 vacuum
971 2179 1035 2258 per
1058 2173 1323 2259 suprascriptas
1345 2171 1433 2238 lines
1456 2174 1492 2236 et
1518 2188 1729 2246 mensuras,
1757 2173 1828 2236 tote
1852 2173 1889 2236 et
1912 2164 2034 2236 inclite
2058 2169 2147 2236 illud
2172 2187 2238 2256 ego
2264 2140 2410 2238 iamdic-

557 2329 615 2392 tus
639 2325 840 2394 modericus
863 2325 941 2393 vice
966 2345 1057 2404 mee,
1083 2345 1190 2412 quam
1215 2330 1251 2394 et
1274 2345 1338 2413 pro
1362 2326 1439 2393 vice
1462 2325 1698 2412 suprascripti
1723 2324 1946 2400 machomum,
1964 2343 2030 2410 per
2046 2323 2231 2392 licentiam
2257 2326 2295 2390 et
2317 2327 2415 2392 abso-

556 2471 727 2547 lotionem
751 2480 1020 2568 suprascriptus
1043 2480 1192 2547 domnus
1217 2479 1436 2548 venerabilis
1459 2482 1581 2556 abbas,
1602 2499 1665 2567 pro
1689 2483 1794 2565 parte
1818 2477 1929 2564 ipsius
1953 2477 2175 2554 monasterii,
2190 2477 2303 2565 ipsius
2327 2479 2414 2546 iam·

556 2631 643 2700 dicti
669 2632 796 2700 alferio
820 2633 973 2700 tradidit
994 2651 1075 2698 cum
1100 2651 1172 2698 une
1197 2630 1385 2718 margine,
1411 2651 1478 2718 que
1502 2649 1586 2717 pers
1610 2631 1720 2717 ipsius
1744 2631 1954 2698 monasterii
1978 2633 2061 2698 abet
2084 2629 2123 2697 in
2147 2631 2265 2718 ipsum
2290 2633 2412 2700 locum

554 2787 792 2864 valentinum,
820 2788 879 2854 ubi
904 2790 943 2854 et
966 2787 1162 2854 colomnole
1184 2785 1342 2864 dicitur,
1368 2804 1447 2853 cum
1473 2791 1648 2875 quantum
1672 2785 1769 2855 intus
1792 2787 1870 2873 ipsa
1894 2787 2026 2873 padule
2049 2789 2147 2853 estre
2169 2785 2418 2872 suprascripte

555 2943 741 3009 mensurie
764 2942 808 3009 de
832 2931 936 3010 ambo
960 2942 1037 3028 ipse
1060 2943 1266 3029 supradicte
1290 2943 1403 3030 pecie,
1430 2936 1494 3008 illa
1517 2959 1586 3028 quc
1609 2941 1740 3010 dicitur
1763 2941 1809 3010 ad
1832 2944 1962 3016 ortale,
1989 2945 2025 3007 et
2048 2942 2113 3009 illa
2138 2935 2245 3009 vinea
2269 2960 2341 3028 que
2363 2940 2414 3008 di-

553 3101 649 3164 citur
673 3098 875 3184 propinquo
898 3099 943 3164 ad
961 3099 1204 3184 pomilionem,
1224 3101 1321 3167 intus
1344 3097 1478 3184 padule
1501 3099 1642 3166 intrare
1666 3099 1825 3186 potueris
1849 3099 1894 3166 ed
1918 3097 2165 3165 lavorendum.
2191 3097 2272 3164 Tali
2288 3097 2418 3172 tinore,

558 3261 596 3318 ut
620 3252 745 3319 amodo
769 3255 807 3318 et
828 3270 969 3338 semper
994 3258 1097 3320 natos
1122 3257 1309 3320 nascentes
1333 3257 1409 3322 tota
1431 3257 1467 3321 et
1490 3253 1618 3320 inclita
1640 3255 1889 3340 suprascripta
1913 3252 2107 3320 traditione
2142 3253 2216 3340 ipse
2252 3249 2420 3340 supradi-

552 3409 631 3474 ctus
656 3405 784 3474 alterio
808 3408 845 3474 et
867 3424 948 3473 suos
971 3407 1096 3473 eredes
1120 3411 1270 3481 tenere,
1295 3411 1332 3474 et
1355 3405 1566 3484 dominare,
1592 3409 1629 3474 et
1652 3407 1777 3484 sabee,
1813 3413 1849 3472 et
1872 3407 1987 3473 omnis
2014 3407 2183 3474 utilitatis
2207 3407 2347 3476 ibidem
2372 3411 2423 3480 ie·

551 3561 652 3629 cient
675 3560 771 3628 iuste
796 3564 985 3638 rationem,
1003 3567 1040 3628 et
1063 3557 1159 3628 intus
1174 3561 1253 3648 ipse
1268 3563 1383 3646 pecie,
1412 3581 1481 3648 que
1495 3562 1629 3630 dicitur
1652 3563 1699 3630 da
1714 3564 1890 3640 casalina,
1907 3565 2080 3631 tuburum
2105 3565 2239 3632 ibidem
2266 3565 2422 3644 sacient,

553 3720 590 3784 et
612 3717 677 3784 ille
701 3721 738 3782 et
760 3735 841 3784 suos
865 3717 988 3784 eredes
1011 3715 1256 3804 suprascripte
1279 3717 1473 3784 traditione
1496 3737 1723 3804 peromnem
1748 3737 1881 3788 annum
1906 3723 1989 3806 epto
2014 3724 2172 3807 tempore
2196 3722 2372 3792 lavorent
2387 3731 2424 3794 et

554 3873 707 3946 cultent,
734 3873 771 3936 et
793 3869 955 3941 studiant
978 3888 1111 3936 vonum
1136 3869 1180 3937 de
1203 3889 1310 3958 super
1333 3875 1370 3938 et
1392 3871 1436 3938 de
1458 3873 1594 3948 subter,
1612 3871 1707 3940 sicut
1730 3873 1916 3950 meruerit,
1941 3875 1977 3938 et
1995 3875 2052 3939 ubi
2076 3875 2253 3941 merua-u
2272 3880 2424 3943 arbores

552 4028 589 4092 et
612 4025 703 4092 vites
727 4026 771 4093 de
797 4043 884 4095 vouo
909 4025 1041 4093 vitineo
1066 4025 1198 4100 ibidem
1222 4029 1388 4114 plantent
1409 4031 1446 4095 et
1470 4027 1723 4116 propaginent,
1747 4027 1841 4095 sicut
1865 4029 2052 4105 meruerit,
2069 4034 2108 4096 ut
2131 4030 2271 4098 cotidie
2298 4019 2336 4098 in
2354 4049 2426 4098 me·
2520 4019 2524 4028 ’

555 4181 626 4249 lius
650 4181 881 4269 prophicient
903 4185 940 4249 et
963 4201 1031 4250 non
1054 4182 1286 4268 dispereant,
1327 4183 1427 4249 etde
1451 4183 1545 4268 quod
1566 4203 1630 4270 per
1652 4203 1790 4252 annum
1815 4183 1947 4252 ibidem
1971 4185 2236 4254 seminaverint
2276 4189 2318 4257 in
2349 4188 2425 4254 tota

553 4335 807 4424 suprascripta
830 4335 1039 4412 traditione,
1057 4335 1148 4402 illud
1165 4338 1249 4422 apto
1271 4343 1432 4422 tempore
1455 4337 1632 4404 cultemus
1656 4341 1693 4404 et
1715 4337 1911 4404 studiemus
1935 4359 2078 4415 vonum,
2103 4344 2197 4407 sicut
2225 4341 2425 4414 meruerit;

555 4492 591 4556 et
614 4507 756 4574 semper
779 4507 844 4573 per
866 4487 981 4555 omnis
1005 4506 1139 4555 annum
1164 4505 1228 4573 per
1252 4491 1407 4572 tempore
1430 4489 1474 4555 de
1496 4507 1580 4556 aree
1603 4494 1640 4556 et
1662 4490 1705 4557 da
1723 4489 1899 4558 vindemie
1924 4491 2062 4559 saciant
2078 4496 2168 4560 scire
2187 4513 2279 4580 pars
2309 4495 2427 4582 ipsius

552 4643 792 4720 nronasterii,
826 4647 866 4710 ut
888 4642 938 4710 ibi
962 4647 1119 4730 pergent
1142 4647 1206 4710 eut
1228 4639 1391 4729 dirigant
1415 4645 1561 4712 missum
1586 4663 1717 4722 suum,
1758 4651 1795 4713 et
1818 4645 1860 4713 de
1882 4647 1999 4714 omnis
2023 4649 2143 4735 fruges
2166 4652 2225 4717 vel
2253 4651 2429 4739 quicquit

556 4817 646 4885 ques
671 4799 714 4865 de
738 4801 863 4886 supter
886 4798 929 4866 de
952 4797 1199 4886 suprascripte
1222 4797 1434 4866 tradictione
1456 4798 1626 4876 exierint,
1644 4799 1754 4866 deant
1777 4799 1859 4868 ‚inde
1883 4800 1928 4867 ad
1946 4821 2030 4887 pers
2057 4802 2170 4889 ipsius
2188 4805 2428 4882 monasterii,

553 4955 610 5018 vel
634 4952 679 5020 ed
704 4952 821 5038 ipsum
846 4951 1005 5028 missum,
1031 4952 1124 5020 iusto
1147 4951 1373 5029 terraticum,
1399 4955 1494 5021 sicut
1516 4956 1571 5020 est
1593 4955 1649 5020 vel
1673 4955 2023 5052 fuerit-consuetudo
2048 4956 2117 5024 loci
2141 4957 2263 5035 illius,
2287 4963 2329 5026 et
2352 4963 2430 5028 tote

554 5107 634 5194 ipsa
658 5109 875 5177 tradictione
899 5125 1121 5196 perannum
1146 5111 1316 5176 faciamus
1338 5113 1450 5188 selba,
1468 5114 1505 5179 et
1528 5114 1610 5179 ebto
1633 5115 1793 5198 tempore
1816 5111 1882 5178 illa
1906 5111 2163 5181 vindemiamus
2190 5117 2432 5184 rationabili-

555 5268 624 5340 ter,
648 5265 684 5330 et
706 5263 791 5330 illut
814 5265 854 5332 et
877 5265 1100 5350 palmentum
1125 5267 1333 5353 procurent,
1357 5265 1451 5332 sicut
1474 5267 1675 5345 meruerit;
1700 5271 1737 5336 et
1760 5270 1803 5335 de
1826 5271 1940 5337 omnis
1965 5269 2040 5356 ipso
2065 5269 2147 5337 vino
2171 5291 2271 5358 ques
2298 5273 2346 5340 de
2370 5293 2430 5340 su·

535 5419 758 5506 ,prescripta
782 5417 999 5485 tradictione
1022 5417 1167 5496 exierit,
1193 5419 1303 5487 deant
1324 5404 1456 5487 exinde
1480 5419 1525 5487 ad
1549 5439 1634 5506 pars
1659 5421 1770 5508 ipsius
1794 5422 2013 5500 monasterii,
2039 5425 2096 5490 vel
2120 5424 2164 5492 ed
2189 5425 2329 5511 ipsum
2347 5427 2434 5494 mis·

551 5590 656 5648 sum3
683 5571 745 5660 qui
770 5589 854 5658 pars
878 5571 990 5659 ipsius
1015 5573 1221 5640 monasterii
1245 5571 1377 5644 ibidem
1400 5573 1575 5642 direxerit
1598 5575 1760 5643 inclitam
1785 5577 2044 5656 medietatem,
2074 5583 2111 5646 ot
2134 5581 2331 5666 reliquam
2359 5599 2434 5648 me-

443 5707 451 5720 ’
551 5725 722 5794 dietatem
747 5723 830 5792 inde
854 5725 921 5792 sibi
945 5729 1088 5802 abeant,
1107 5727 1237 5813 etipsa
1262 5727 1434 5796 medietas
1458 5727 1599 5815 cle-ipso
1623 5729 1717 5808 vino,
1744 5751 1813 5818 que
1837 5733 1882 5800 ad
1908 5752 1993 5819 pars
2010 5735 2122 5821 ipsius
2146 5735 2378 5804 monasterii
2395 5735 2432 5803 in
