5452 7108
601 523 646 600 50
1235 507 1411 594 CODEX
1445 518 1701 595 tuvuusls

550 739 742 808 capazana,
767 716 960 786 secundum
985 719 1123 784 textum
1147 715 1191 783 de
1214 715 1456 804 suprascripto
1481 718 1587 784 brebe
1610 717 1848 804 perreximus,
1873 719 1910 782 et
1932 735 1997 805 per
2013 735 2120 784 unam
2136 719 2299 784 arborem
2315 735 2408 784 oom-

551 873 735 960 preheusit
755 873 794 941 in
818 873 967 961 pignum
990 869 1254 958 suprascriptas
1279 887 1348 947 res,
1374 888 1464 958 quas
1486 870 1557 957 ipsi
1581 871 1684 957 pater
1707 873 1744 938 et
1765 869 1860 936 tilius
1883 887 1947 956 per
1962 869 2245 956 suprascriptum
2262 871 2405 938 brebem

549 1027 585 1096 ei
608 1027 825 1096 nominative
848 1027 1102 1113 apposuerunt,
1127 1026 1164 1091 et
1186 1020 1438 1112 obligaverunt
1461 1025 1506 1092 ad
1529 1025 1805 1112 pignerandum,
1829 1025 1923 1092 sicut
1944 1023 2103 1092 continet
2125 1023 2405 1120 suprascriptum

555 1185 710 1261 brebem,
735 1184 926 1270 sequenter
940 1201 1004 1250 sue
1018 1179 1209 1258 calumnie,
1235 1183 1272 1247 et
1286 1173 1378 1268 quod
1393 1178 1557 1265 superius
1570 1179 1664 1247 inber
1680 1179 1839 1266 virgulas
1854 1178 2104 1267 scriptumest,
2123 1179 2271 1265 legitur,
2288 1198 2409 1266 perre-

553 1338 683 1417 ximus,
708 1343 745 1406 et
767 1338 893 1406 taliter
915 1341 951 1405 te
976 1337 1196 1406 romoaldum
1222 1333 1399 1404 notarium
1423 1333 1579 1403 scrivere
1607 1335 1760 1423 precepi.
1784 1336 1825 1402 In
1848 1355 1916 1423 quo
1940 1354 2006 1422 ego
2037 1355 2154 1402 meum
2184 1334 2405 1403 nominatum

551 1490 705 1580 propriis
728 1491 922 1579 subscripsi
955 1490 1088 1577 digitis.
1114 1493 1158 1558 ut
1182 1509 1262 1557 cum
1285 1489 1532 1576 supradictum
1567 1489 1740 1575 scriptum
1764 1488 1833 1557 suit
1855 1472 2010 1565 lectum,
2035 1488 2111 1574 ipse
2135 1488 2226 1556 mele
2260 1491 2408 1575 paratus

553 1647 625 1716 suit
647 1647 686 1716 in
708 1645 893 1716 duodecim
917 1645 1040 1714 diebus
1063 1648 1246 1733 postquam
1273 1645 1537 1732 comprehensit
1559 1645 1708 1732 pignum
1732 1664 1796 1731 per
1819 1643 1930 1732 ipsam
1956 1645 2119 1711 arborem
2146 1641 2409 1730 suprascriptas

554 1822 624 1881 res,
650 1803 744 1870 sicut
766 1801 1011 1889 supradictum
1035 1801 1208 1888 scriptum
1232 1799 1403 1868 continet.
1431 1802 1475 1866 Et
1498 1819 1593 1867 nunc
1618 1799 1756 1887 expleti
1779 1798 1932 1886 triginta
1954 1797 2090 1875 diebuS,
2116 1798 2237 1865 volens
2262 1797 2410 1866 reddere

553 1956 670 2044 ipsum
694 1956 824 2044 pignus
847 1955 892 2022 ad
917 1955 1010 2041 ipsos
1034 1956 1138 2040 pater
1160 1957 1198 2020 et
1219 1952 1346 2021 fllium.
1374 1954 1440 2021 Sed
1463 1953 1532 2042 ipsi
1556 1956 1659 2042 pater
1681 1956 1718 2021 et
1739 1954 1833 2022 lilius
1864 1952 1954 2021 illud
1978 1952 2189 2040 recolligere
2224 1953 2406 2040 neglessit.

555 2111 634 2180 Ideo
657 2110 850 2180 secundum
875 2109 1177 2196 langobardorum
1204 2127 1328 2194 regum
1345 2109 1514 2186 edictum,
1532 2110 1680 2196 pignum
1696 2108 1811 2196 ipsum
1827 2108 1895 2195 ipsi
1918 2110 2022 2196 pater
2037 2108 2182 2176 attilius
2198 2109 2407 2186 amiserunt,

551 2270 590 2334 et
613 2287 681 2334 non
706 2268 840 2334 habent
863 2264 1067 2333 facundiam
1093 2263 1184 2331 illud
1209 2263 1427 2351 requirendi.
1452 2265 1495 2330 Et
1519 2261 1643 2330 taliter
1665 2283 1730 2352 pro
1753 2262 1864 2350 ipsius
1886 2264 1977 2330 mele
2005 2265 2040 2330 te
2064 2262 2279 2334 romoaldum
2311 2267 2414 2332 nota-

553 2420 647 2488 rium
670 2419 826 2487 scrivere
851 2420 1004 2506 precepi.
1030 2419 1289 2485 Verumtamen
1313 2420 1377 2485 hoc
1401 2436 1653 2496 memoramus,
1671 2417 1838 2504 quoniam
1862 2417 1937 2504 ipse
1952 2418 2215 2505 suprascriptus
2238 2419 2330 2486 mele
2346 2421 2411 2487 hec

547 2573 793 2662 suprascripta
815 2573 911 2650 lecit,
937 2576 1101 2660 presente
1125 2571 1201 2660 ipso
1225 2574 1365 2658 angelo·
1377 2569 1574 2659 presbitero
1597 2571 1760 2656 genitore
1782 2590 1858 2650 suo,
1884 2589 1904 2638 e
1931 2590 1994 2658 per
2017 2570 2093 2639 eius
2120 2572 2400 2642 absolutionem:

550 2735 589 2798 et
611 2729 735 2797 taliter
759 2731 793 2796 te
817 2726 1039 2796 romoaldum
1063 2725 1243 2794 notarium
1267 2725 1484 2812 subiungere
1508 2723 1663 2812 precepi.

596 2883 720 2974 Jstigo
747 2882 808 2972 qui
831 2900 942 2969 supra
965 2879 1126 2949 ademari
1150 2880 1273 2948 iudex.
1321 2883 1324 2892 ’

1296 3138 1669 3152 -ηῌ

1361 3428 1599 3510 MXCIV

1331 3707 1391 3784 A.
1419 3706 1477 3781 D.
1505 3709 1631 3786 1047

599 3971 626 4062 †
652 3975 689 4040 ln
715 3973 857 4042 nomine
881 3973 1016 4042 domini
1040 3973 1221 4042 tricesimo
1245 3993 1339 4043 anno
1363 3973 1586 4061 principatus
1609 3973 1751 4042 Salerni
1775 3973 1896 4042 domni
1919 3973 2032 4040 nostri
2059 3971 2253 4060 guaimarii
2269 3970 2415 4060 gloriosi

556 4126 755 4214 principis,
780 4129 817 4194 et
839 4127 975 4195 decimo
1003 4125 1031 4212 ¹)
1056 4147 1149 4196 anno
1173 4128 1324 4197 ducatus
1347 4129 1493 4206 amalfi,
1520 4131 1556 4195 et
1578 4148 1673 4198 nono
1697 4147 1791 4198 anno
1814 4129 1965 4197 ducatus
1988 4128 2064 4195 eius
2087 4127 2261 4206 sirrenti,
2287 4131 2323 4194 et
2361 4146 2416 4194 se-

556 4275 668 4364 ptimo
693 4279 722 4362 ’)
746 4296 840 4345 anno
878 4277 1200 4365 suprascriptorum
1238 4279 1479 4367 principatum
1514 4283 1548 4347 et
1582 4280 1777 4350 ducatuum
1799 4280 1919 4350 domni
1945 4281 2070 4368 gisulfi
2092 4280 2218 4350 eximii
2241 4281 2413 4368 principis

557 4433 596 4499 et
618 4429 718 4499 ducis
741 4431 817 4498 eius
839 4431 926 4508 ulio,
952 4449 1072 4499 meuse
1095 4435 1254 4510 octuber,
1279 4433 1395 4520 prima
1420 4433 1627 4504 indictione.
1655 4435 1805 4524 Ideoque
1827 4454 1894 4522 ego
1917 4436 2048 4504 mulier
2064 4435 2209 4510 nomine
2234 4435 2417 4506 bellafllia

556 4587 734 4673 quondam
758 4585 821 4654 risi
845 4591 881 4654 et
906 4607 996 4655 uxor
1019 4606 1097 4654 sum
1121 4588 1267 4656 landoni
1290 4588 1357 4656 filii
1378 4589 1557 4678 quondam
1580 4586 1735 4670 bisantii,
1761 4591 1968 4670 claresacio,
1986 4592 2198 4679 quoniame
2220 4611 2349 4680 magna
2363 4592 2417 4660 in-

555 4742 763 4812 firmitatem
786 4762 864 4811 sum
888 4761 1069 4838 oppressa,
1100 4743 1194 4811 unde
1216 4762 1319 4830 spero
1342 4744 1455 4811 vitam
1480 4745 1593 4813 linire.
1611 4741 1678 4812 Sed
1694 4747 1826 4814 tamem
1844 4745 1961 4814 adhuc
1976 4746 2155 4834 integram
2171 4747 2283 4814 habeo
2298 4749 2415 4812 mente

557 4899 594 4964 et
618 4899 713 4964 recte
736 4896 834 4984 loqui
858 4897 972 4974 valeo,
991 4895 1153 4982 cogitare
1177 4895 1254 4982 cepi
1278 4916 1347 4984 que
1370 4896 1426 4965 dei
1450 4901 1535 4966 sunt
1557 4898 1702 4977 iudicia,
1721 4902 1758 4966 et
1779 4919 1821 4967 oc
1846 4900 2018 4969 mundum
2041 4899 2222 4979 instabile,
2240 4919 2284 4968 ne
2299 4901 2414 4968 subito

559 5051 618 5118 die
642 5049 766 5117 mortis
789 5051 899 5118 michi
923 5047 1085 5129 eveniad,
1111 5051 1148 5118 et
1172 5054 1276 5119 rebus
1300 5051 1388 5120 meis
1410 5050 1610 5122 iniudicata
1633 5056 1850 5145 relinquam,
1876 5055 2008 5125 idcireo
2031 5056 2234 5125 combocavi
2258 5076 2347 5146 erga
2362 5078 2417 5126 rue

564 5204 752 5272 assandum
777 5205 967 5274 iamdictus
992 5206 1068 5274 viro
1092 5225 1202 5286 meus,
1229 5205 1267 5275 iu
1291 5207 1392 5277 cuius
1415 5209 1601 5278 mundium
1617 5231 1673 5278 me
1688 5212 1874 5281 subiacere
1889 5197 2115 5299 palamlacio,
2132 5217 2169 5279 et
2184 5231 2324 5302 unaque
2339 5231 2418 5280 cum

561 5357 638 5448 ipso
661 5359 779 5428 iudico
813 5365 922 5450 atque
945 5362 1090 5451 dispono
1126 5363 1224 5433 etin
1246 5383 1390 5434 manum
1416 5365 1501 5434 illut
1523 5367 1702 5435 committo
1737 5367 1783 5437 ad
1808 5366 1974 5436 miranda
1998 5367 2171 5455 cognatus
2194 5383 2290 5434 meus
2323 5349 2417 5434 illius

604 5645 629 5722 ¹)
652 5647 758 5708 Nono.

605 5787 630 5881 *l
653 5795 761 5862 scaro.
