5454 7104
618 493 684 564 lli
1262 495 1442 568 CODEX
1479 498 1741 572 barbasta

570 691 661 757 mari
686 693 780 757 iuret
802 689 996 757 secundum
1020 690 1139 776 legem
1164 711 1244 758 cum
1270 693 1479 778 parentibus
1502 694 1575 761 suis
1598 699 1878 764 sacramentales
1901 700 1937 764 et
1960 699 2070 794 dicat,
2089 705 2128 766 ut
2151 701 2228 788 ipsa
2251 704 2428 772 animalia

566 864 630 932 per
655 845 822 912 birtutem
848 845 886 912 in
901 846 1152 934 suprascripta
1177 850 1282 914 rebus
1300 849 1412 932 ipsius
1436 849 1590 917 dauferii
1615 869 1684 918 non
1708 853 1873 929 misisset,
1888 857 1942 920 set
1966 855 2134 922 nexiente
2158 855 2242 922 illut
2257 857 2336 944 ipsa
2352 858 2430 926 ani-

568 983 678 1066 malia
701 999 832 1067 ibidem
855 1001 1065 1078 introisset,
1092 1005 1129 1068 et
1152 1005 1271 1090 postea
1295 1003 1409 1071 eidem
1434 1004 1589 1072 dauferii
1612 1005 1725 1090 ipsum
1749 1007 1919 1074 damnum
1943 1009 2018 1095 ipse
2042 1010 2203 1078 ademari
2227 1015 2425 1089 restauret,

567 1155 660 1222 sicut
683 1156 824 1223 iustum
849 1159 970 1224 fuerit.
997 1158 1096 1225 Unde
1122 1161 1216 1225 inter
1240 1178 1278 1225 se
1302 1163 1498 1245 posuerunt
1521 1159 1746 1229 mediatores:
1772 1163 1847 1249 ipse
1871 1164 2032 1230 ademari
2055 1165 2173 1250 posuit
2197 1162 2430 1234 mediatorem

567 1309 676 1396 ipsius
700 1310 840 1378 daoieri
863 1313 970 1398 gaido
994 1314 1041 1380 da
1064 1314 1196 1382 casolla
1219 1315 1331 1382 lilium
1356 1278 1534 1402 quondam
1559 1318 1678 1402 petri,
1715 1319 1752 1384 et
1775 1317 1850 1404 ipse
1885 1318 2026 1386 danseri
2049 1323 2167 1407 posuit
2190 1321 2427 1389 mediatorem

567 1464 677 1550 ipsius
701 1465 875 1533 ademarii
899 1469 1084 1535 mirandus
1106 1467 1219 1535 filium
1243 1471 1419 1555 quondam
1446 1473 1668 1548 machenolll,
1694 1475 1730 1538 et
1752 1489 1817 1557 pro
1840 1475 1943 1556 parte
1967 1472 2078 1558 ipsius
2102 1475 2242 1542 dauferi
2266 1477 2429 1544 scribere

567 1619 708 1705 precepi
732 1619 797 1687 tibi
822 1621 914 1706 petri
931 1622 1180 1706 protonotario.
1208 1625 1281 1708 Ego
1307 1623 1367 1709 qui
1391 1643 1501 1709 supra
1517 1625 1676 1692 ademari
1701 1624 1821 1692 iudex.
1847 1627 1932 1692 Cum
1950 1629 2071 1693 autem
2086 1631 2329 1717 suprascripte
2345 1651 2428 1699 car-

566 1777 640 1841 tule
663 1775 809 1842 fuerunt
832 1777 936 1851 lecte,
961 1775 1056 1842 dixit
1079 1777 1153 1863 ipse
1177 1776 1351 1862 ademari,
1378 1780 1417 1843 ut
1440 1778 1555 1863 ipsum
1580 1777 1778 1844 iudicatum
1802 1778 1895 1865 quod
1919 1780 2082 1865 superius
2106 1783 2219 1849 totum
2243 1802 2308 1869 per
2331 1786 2428 1853 ordi-

568 1947 648 1996 nem
671 1928 894 1996 declaratum
918 1931 983 2006 est,
1011 1929 1104 2016 quod
1127 1930 1200 2015 ipse
1224 1929 1364 1996 danseri
1389 1930 1540 2006 ostedit,
1567 1932 1628 2016 qui
1652 1931 1825 2020 scriptum
1849 1936 1903 2000 est
1925 1953 1990 2018 per
2013 1936 2136 2020 petrus
2159 1938 2423 2022 protonotarius

567 2082 605 2148 in
628 2101 697 2168 quo
719 2084 893 2169 scriptum
919 2085 973 2148 est
995 2082 1069 2168 ipse
1093 2083 1254 2149 ademari
1278 2083 1402 2160 iudex,
1430 2083 1559 2149 falsum
1583 2085 1678 2150 exet.
1706 2086 1818 2169 Ipsum
1842 2083 2038 2152 iudicatum
2062 2085 2158 2153 dixit
2180 2087 2255 2173 ipsa
2279 2088 2426 2156 danseri

565 2237 728 2302 beracem
751 2237 847 2312 exet,
872 2237 909 2302 et
930 2235 1125 2302 secundum
1147 2236 1264 2320 legem
1289 2236 1371 2300 illut
1395 2233 1570 2302 adberare
1593 2239 1741 2322 poteret.
1766 2241 1840 2323 Ego
1864 2240 1997 2314 autern,
2022 2241 2115 2305 sicut
2138 2239 2210 2306 illis
2232 2242 2425 2312 combenit,

564 2389 660 2456 inter
675 2389 727 2456 eis
749 2389 933 2466 iudicabi,
970 2393 1007 2456 et
1029 2390 1111 2456 illos
1134 2389 1310 2476 guadiare
1335 2391 1414 2464 feci,
1441 2393 1481 2456 ut
1505 2391 1579 2476 ipse
1602 2391 1763 2458 ademari
1787 2395 1934 2478 pararet
1956 2397 2081 2459 sancta
2111 2393 2169 2460 dei
2192 2395 2423 2481 evbangelia,

563 2548 600 2612 et
622 2545 698 2632 ipse
720 2545 860 2613 danseri
883 2545 1080 2612 secundum
1104 2545 1220 2630 legem
1245 2564 1309 2630 per
1334 2548 1600 2612 sacramentum
1617 2551 1655 2612 at
1678 2546 1755 2632 ipsa
1771 2547 1983 2634 evbangelia
2006 2547 2206 2626 adberaret;
2225 2553 2261 2617 et
2285 2552 2345 2618 ubi
2371 2555 2425 2620 ta-

563 2699 648 2767 liter
671 2700 755 2768 illut
778 2698 1056 2776 adberaberint,
1086 2698 1158 2765 iam
1182 2715 1322 2784 semper
1345 2699 1409 2765 ille
1432 2703 1469 2765 et
1491 2717 1571 2765 suos
1595 2700 1718 2767 eredes
1741 2701 1886 2786 integra
1920 2701 1998 2788 ipsa
2020 2703 2122 2787 pecia
2156 2703 2200 2769 de
2235 2706 2335 2771 terra
2359 2723 2425 2792 per

563 2851 730 2922 iamdicta
753 2853 833 2921 fluis
855 2856 895 2919 et
918 2871 1104 2920 mensuras
1128 2853 1304 2920 securiter
1329 2855 1365 2920 et
1387 2855 1538 2920 firmiter
1561 2853 1645 2920 illut
1667 2853 1735 2920 sibi
1758 2857 1878 2930 abere,
1904 2857 1941 2921 et
1964 2855 2098 2923 iaciant
2121 2857 2164 2924 de
2188 2877 2232 2924 ea
2256 2857 2423 2944 quicquit

562 3007 751 3084 voluerint,
770 3011 902 3094 absque
925 3005 1020 3073 omni
1044 3006 1338 3073 contrarietatem
1363 3007 1474 3093 ipsius
1498 3007 1658 3076 ademari
1682 3007 1783 3074 etde
1807 3008 1905 3076 illius
1928 3008 2064 3076 eredes.
2091 3012 2129 3078 In
2153 3011 2211 3079 die
2227 3029 2311 3078 vero
2334 3031 2421 3080 con-

561 3165 726 3231 stitutum
748 3181 812 3247 per
835 3163 957 3248 partes
980 3163 1126 3228 luerunt
1150 3163 1269 3249 parati
1294 3167 1377 3229 ante
1402 3183 1483 3240 me,
1509 3165 1546 3230 et
1567 3182 1632 3248 per
1655 3164 1771 3249 ipsum
1795 3163 1955 3231 ademari
1978 3167 2108 3250 parata
2131 3169 2186 3233 est
2207 3171 2333 3236 sancta
2356 3169 2415 3236 dei

562 3317 797 3402 erbangelia3
823 3319 877 3384 set
900 3319 1092 3404 antequam
1119 3319 1213 3385 inter
1236 3317 1310 3384 illis
1333 3318 1412 3403 ipsa
1436 3321 1661 3384 sacramenta
1683 3321 1767 3384 exet
1789 3315 1901 3394 data,
1926 3335 1990 3404 per
2014 3319 2233 3407 colloquium
2258 3325 2421 3390 nostrum

562 3478 599 3541 et
622 3473 774 3542 aliorum
799 3447 968 3541 bonorum
992 3473 1167 3540 ominibus
1191 3474 1271 3538 orta
1294 3475 1346 3539 est
1369 3472 1465 3539 inter
1488 3473 1563 3538 illis
1588 3491 1679 3539 vona
1702 3473 1989 3550 cumvenientia,
2015 3474 2149 3559 etipse
2173 3475 2334 3543 ademari
2359 3497 2422 3544 ro-

561 3631 719 3698 luntarie
742 3649 804 3696 sue
828 3629 974 3696 donabit
997 3627 1107 3714 ipsius
1131 3627 1271 3694 danseri
1296 3627 1410 3713 ipsum
1434 3631 1711 3704 sacramentum,
1730 3629 1887 3716 qualiter
1911 3629 1993 3694 illut
2015 3629 2049 3695 ei
2065 3631 2268 3715 persolbere
2291 3631 2414 3700 debuit

476 3797 478 3801 “
562 3805 625 3872 per
647 3787 871 3852 subscebtum
897 3783 1163 3866 launegiltum,
1190 3785 1226 3848 et
1249 3784 1452 3850 voluntarie
1475 3802 1537 3850 sue
1562 3783 1636 3868 ipse
1660 3782 1915 3858 machenollus,
1941 3785 1978 3848 et
2000 3783 2188 3860 ademari,
2214 3783 2251 3850 et
2275 3789 2419 3854 amatus

559 3943 635 4006 tota
658 3943 694 4006 et
718 3941 862 4023 integra
885 3935 1130 4022 suprascripta
1154 3935 1255 4021 pecia
1280 3936 1323 4002 de
1349 3939 1449 4003 terra
1472 3955 1536 4022 per
1559 3935 1726 4003 iamdicte
1749 3935 1829 4002 linis
1853 3941 1889 4002 et
1906 3937 2096 4014 mensurie,
2117 3941 2156 4004 ut
2178 3937 2343 4032 superius
2368 3941 2420 4006 le-

561 4093 671 4179 gitur,
697 4091 854 4179 qualiter
877 4093 1040 4177 superius
1064 4092 1358 4156 monstraberunt
1374 4089 1485 4175 ipsius
1508 4089 1660 4166 dauferi,
1679 4089 1897 4156 remiserunt
1919 4093 1958 4156 at
1982 4091 2183 4158 laciendum
2207 4092 2270 4158 ille
2285 4095 2322 4159 et
2336 4111 2418 4160 suos

560 4248 684 4314 eredes
707 4247 870 4334 quicquit
894 4246 1059 4323 voluerit,
1078 4247 1211 4332 absque
1234 4243 1334 4310 omni
1358 4241 1615 4310 contrarietate
1638 4242 1782 4308 illorum
1807 4243 1863 4308 vel
1887 4241 1929 4308 de
1953 4241 2097 4310 illorum
2122 4243 2300 4322 eredibus,
2318 4249 2355 4312 et
2370 4249 2416 4314 ab

559 4400 722 4468 omnibus
745 4400 922 4467 ominibus
947 4419 1010 4486 pro
1035 4399 1180 4466 illorum
1204 4399 1380 4483 partibus.
1418 4395 1591 4464 Similiter
1615 4395 1748 4482 etipse
1772 4396 1912 4463 danseri
1938 4395 2078 4464 remisit
2112 4401 2148 4464 et
2171 4401 2418 4469 manifestabit

559 4554 717 4643 ipsorum
741 4553 976 4642 suprascripti
1000 4553 1068 4622 thii
1091 4556 1128 4620 et
1143 4555 1287 4640 nepotes
1312 4552 1358 4618 da
1381 4551 1452 4618 ista
1467 4549 1650 4617 mensoria
1672 4549 1711 4616 in
1734 4551 1829 4616 foras
1853 4549 1890 4615 in
1913 4553 2016 4635 parte
2031 4552 2306 4631 sebtemtrioriis,
2325 4574 2414 4641 qua·

560 4709 644 4778 liter
667 4710 742 4777 illis
765 4707 982 4776 dominaturi
1006 4709 1116 4782 sunt,
1151 4723 1266 4794 usque,
1286 4707 1325 4771 at
1349 4707 1454 4772 rebus
1478 4704 1521 4770 de
1545 4703 1623 4789 ipsa
1646 4703 1820 4771 ereditate
1845 4705 1965 4790 petri,
2004 4707 2043 4772 ut
2067 4723 2132 4772 nec
2155 4706 2218 4773 ille
2241 4725 2306 4776 nec
2330 4725 2411 4776 suos

559 4865 682 4933 eredes
697 4885 776 4933 cum
794 4865 862 4951 ipsi
878 4861 1133 4939 machenolsus,
1152 4863 1188 4928 et
1200 4859 1372 4937 ademari,
1392 4863 1428 4926 et
1451 4863 1603 4936 amatus,
1622 4877 1686 4926 nec
1702 4877 1782 4926 cum
1798 4858 1943 4927 illorum
1958 4859 2082 4928 eredes
2097 4861 2228 4929 exinde
2246 4876 2316 4929 non
2331 4881 2415 4929 cau·

558 5042 651 5101 sare,
676 5025 730 5090 set
752 5039 891 5106 semper
915 5019 988 5086 illis
1012 5019 1068 5084 vel
1091 5017 1235 5083 illorum
1259 5013 1424 5081 eredibus
1447 5013 1622 5081 securiter
1644 5017 1682 5082 et
1704 5013 1854 5082 firmiter
1877 5015 1960 5082 illut
1985 5015 2051 5082 sibi
2078 5019 2199 5092 abere,
2217 4963 2254 5083 et
2279 5015 2415 5084 saciant

558 5178 602 5243 de
624 5195 668 5243 ea
692 5173 859 5262 quicquid
883 5173 1075 5246 voluerint,
1101 5174 1233 5258 absque
1257 5169 1354 5238 omni
1379 5168 1669 5238 contrarietatem
1695 5164 1802 5254 ipsius
1825 5167 1976 5245 danseri,
1994 5167 2051 5233 vel
2074 5167 2118 5234 de
2142 5168 2242 5236 illius
2266 5167 2404 5244 eredes,

559 5333 596 5397 et
619 5334 665 5398 ab
687 5329 849 5398 omnibus
872 5327 1049 5395 ominibus
1073 5345 1137 5412 pro
1160 5328 1232 5392 suis
1256 5324 1430 5410 partibus.
1457 5327 1502 5392 Et
1525 5343 1589 5410 per
1611 5323 1873 5391 combenientia
1897 5324 1964 5408 ipsi
1989 5325 2251 5402 macbenolfus,
2269 5328 2306 5390 et
2329 5324 2413 5390 ade-

559 5483 671 5561 mari,
696 5486 731 5551 et
753 5487 893 5551 amatus
916 5483 1050 5570 guadia
1072 5483 1182 5570 ipsius
1205 5483 1342 5551 danseri
1365 5481 1563 5556 dederunt,
1589 5484 1625 5546 et
1646 5479 1878 5546 fideiuxorem
1902 5477 1936 5544 ei
1959 5481 2155 5564 posueruut
2177 5495 2335 5544 sesamus
2368 5475 2416 5542 de

558 5641 700 5710 nucerie
722 5641 816 5708 illius
839 5641 1017 5727 quondam
1043 5639 1147 5717 1idni;
1166 5641 1202 5704 et
1226 5655 1291 5724 per
1315 5636 1395 5722 ipsa
1418 5635 1551 5721 guadio
1566 5634 1818 5720 obligaberunt
1841 5651 1879 5699 se
1903 5637 1940 5699 et
1962 5632 2107 5700 illorum
2123 5631 2300 5706 eredibus,
2318 5627 2411 5716 quod

555 5799 586 5866 si
609 5797 734 5865 taliter
757 5796 876 5863 omnia
897 5795 1143 5882 suprascripta
1166 5792 1279 5880 ipsius
1303 5791 1457 5862 danseri,
1485 5792 1540 5856 rel
1568 5791 1607 5855 at
1630 5789 1728 5857 illius
1750 5789 1873 5857 eredes
1896 5808 1966 5856 non
1990 5787 2275 5874 adimpleverint,
2308 5787 2411 5854 etde
