5398 7106
621 517 691 593 m
1254 515 1437 608 oopus
1472 511 1736 590 ouvsusrs
1824 595 1828 604 ,

569 716 683 802 ipsam
707 712 878 802 guadiam
900 713 1076 802 obligavit
1096 730 1135 782 se
1158 716 1196 781 et
1217 732 1298 782 suos
1321 713 1483 808 heredes,
1510 713 1550 780 ut
1573 709 1620 777 ad
1643 708 1719 796 ipso
1742 710 1975 778 constitutum
1999 709 2214 798 completum
2238 711 2314 776 tota
2339 713 2418 797 ipsa

571 871 670 938 terra
693 888 774 938 cum
798 888 893 948 casa,
919 868 1078 960 qualiter
1099 888 1209 956 supra
1231 867 1382 958 legitur,
1407 867 1508 936 nobis
1525 857 1721 942 remittere,
1740 865 1942 934 iaciendum
1965 864 2097 932 exinde
2112 863 2233 932 omnia
2256 864 2349 952 quod
2365 884 2423 932 vo·

571 1025 757 1094 luerimus.
783 1029 819 1093 et
842 1023 978 1094 liceant
999 1025 1067 1094 illa
1090 1029 1127 1094 et
1149 1044 1230 1094 suos
1255 1023 1405 1092 heredes
1428 1023 1512 1092 inde
1534 1025 1637 1092 exire
1660 1042 1741 1091 cum
1764 1021 1860 1090 omni
1882 1039 1948 1090 sua
1971 1039 2081 1090 causa
2103 1020 2276 1097 movilia,
2301 1025 2339 1088 et
2361 1021 2415 1089 ire

571 1199 652 1248 cum
675 1179 766 1248 illud
790 1181 849 1248 ubi
874 1179 1040 1258 voluerit,
1065 1180 1143 1247 sine
1165 1179 1424 1248 contrarietate
1447 1182 1582 1247 nostra.
1608 1177 1700 1265 quod
1723 1179 1754 1248 si
1779 1179 1903 1246 taliter
1926 1176 2047 1245 omnia
2069 1176 2315 1263 suprascripta
2338 1177 2418 1263 ipsa

572 1337 700 1420 rogata
722 1338 760 1401 et
781 1333 855 1401 suis
878 1333 1069 1402 heredibus
1093 1333 1193 1402 nobis
1217 1333 1418 1420 nostrisque
1442 1333 1633 1402 heredibus
1657 1353 1726 1401 uon
1750 1333 2039 1420 adimpleberint,
2074 1336 2111 1400 et
2133 1331 2270 1420 aliquid
2294 1329 2424 1399 exinde

572 1487 847 1566 contradixerit,
874 1507 939 1575 per
962 1491 1077 1576 ipsam
1100 1489 1270 1576 guadiam
1295 1493 1333 1557 et
1356 1487 1643 1556 convenientiam
1667 1505 1879 1575 componere
1900 1472 2136 1574 obligavit'se
2159 1493 2195 1553 et
2217 1505 2297 1554 suos
2322 1487 2425 1554 here-

572 1641 633 1710 des
649 1644 758 1710 nobis
782 1642 982 1730 nostrisque
1004 1643 1197 1711 heredibus
1231 1641 1361 1729 viginti
1397 1644 1477 1710 auri
1502 1641 1635 1710 solidos
1669 1641 1939 1718 constantinos,
1973 1644 2010 1707 et
2041 1639 2287 1728 suprascripta
2322 1643 2423 1710 nobis

577 1771 789 1882 adimplere.
814 1797 908 1885 quod
931 1797 1060 1884 scripsi
1084 1817 1150 1885 ego
1173 1798 1385 1885 trupoaldus
1409 1797 1596 1876 notarius,
1632 1815 1699 1882 ego
1723 1797 1785 1883 qui
1808 1815 1918 1884 supra
1942 1795 2102 1864 ademari
2126 1793 2245 1862 iudex.
2273 1799 2426 1875 Quarta·

572 1953 723 2022 decima:
749 1954 787 2021 in
811 1954 953 2022 nomine
976 1955 1110 2022 domini
1134 1953 1339 2022 duodecimo
1363 1973 1458 2022 anno
1482 1955 1705 2042 principatus
1728 1953 1849 2021 domni
1874 1953 1985 2021 nostri
2008 1952 2128 2039 gisulfi
2152 1949 2299 2038 gloriosi
2323 1951 2423 2038 prin-

574 2109 676 2195 cipis,
694 2125 815 2176 mense
838 2109 980 2186 martio,
998 2112 1094 2177 sesta
1118 2108 1326 2208 indictione.
1351 2107 1643 2176 Memoratorium
1667 2109 1802 2177 factum
1826 2127 1849 2175 a
1872 2107 1972 2176 nobis
1988 2106 2092 2174 disiio
2116 2110 2152 2173 et
2174 2105 2328 2175 dauferii
2346 2125 2430 2192 ger-

574 2263 673 2329 mani
697 2261 764 2330 fllii
788 2262 965 2350 quondam
989 2263 1085 2350 petri
1110 2263 1253 2331 barbuti
1277 2283 1399 2331 coram
1422 2261 1689 2330 subscribendis
1713 2261 1891 2340 testibus,
1928 2279 1994 2348 per
2017 2261 2262 2329 convenientia
2297 2263 2343 2332 ad
2379 2267 2432 2331 te·

575 2417 729 2485 nendum
753 2420 789 2484 et
812 2417 1039 2486 residendum
1063 2417 1277 2486 tradidimus
1301 2419 1415 2486 maria
1439 2421 1624 2487 cacaczola
1646 2417 1721 2486 fllia
1745 2417 1922 2506 quondam
1945 2418 2076 2486 stefani
2099 2415 2227 2486 inclita
2251 2419 2351 2486 terra
2367 2438 2429 2487 no-

573 2574 651 2639 stra
673 2590 754 2638 cum
778 2591 863 2640 casa
887 2572 1039 2658 liguicia
1061 2574 1216 2641 solaratn
1240 2573 1337 2641 intus
1361 2575 1454 2641 hanc
1477 2573 1733 2642 salernitanam
1756 2573 1939 2641 civitatem
1970 2573 2009 2640 iu
2032 2573 2135 2640 horto
2160 2593 2317 2660 magno,
2358 2593 2427 2662 que

573 2727 627 2793 est
649 2743 713 2812 per
735 2725 821 2792 lines
844 2727 880 2792 et
902 2743 1103 2806 mensuras,
1131 2729 1223 2794 iusto
1252 2727 1340 2814 pede
1365 2746 1492 2794 manus
1517 2727 1671 2794 hominis
1695 2729 1947 2796 mensuratas:
1977 2747 1999 2796 a
2022 2719 2133 2814 parte*
2158 2727 2351 2796 occidentis
2373 2731 2430 2797 est

574 2879 653 2948 linis
676 2880 824 2966 platea,
850 2879 933 2948 inde
957 2881 1064 2969 pedes
1100 2881 1282 2949 tredecim.
1322 2883 1481 2967 Aparte
1516 2880 1666 2948 meridie
1689 2883 1798 2949 habet
1820 2881 1925 2968 pedes
1948 2883 2053 2948 octo:
2085 2883 2139 2948 Ab
2160 2881 2299 2949 oriente
2323 2884 2431 2951 habet

573 3034 683 3121 pedes
707 3033 872 3101 tridecim
897 3039 934 3099 et
956 3033 1111 3120 planta:
1136 3033 1292 3120 Aperte
1316 3034 1607 3120 septemptrionis
1630 3035 1699 3102 dne
1723 3035 1914 3112 auditum,
1940 3035 2024 3103 inde
2047 3037 2153 3123 pedes
2176 3039 2326 3123 septem.
2360 3043 2431 3106 Hec

574 3187 695 3252 autom
718 3183 964 3271 suprascripta
987 3187 1089 3253 terra
1112 3204 1195 3252 cum
1219 3204 1304 3254 casa
1326 3204 1391 3272 per
1414 3188 1677 3274 suprascriptas
1700 3187 1787 3254 flues
1811 3191 1847 3255 et
1870 3207 2081 3267 mensuras,
2107 3209 2170 3258 nos
2193 3191 2430 3278 suprascripti

574 3338 739 3425 germani
762 3337 874 3425 ipsius
899 3340 1013 3406 marie
1038 3338 1139 3407 illam
1163 3340 1370 3408 tradidimus
1395 3359 1438 3408 ea
1463 3340 1624 3417 ratione,
1651 3343 1691 3408 ut
1714 3341 1838 3410 amodo
1861 3345 1898 3409 et
1923 3362 2032 3431 usque
2056 3347 2130 3412 tres
2153 3346 2240 3414 anni
2263 3345 2431 3436 completi

575 3492 641 3560 illa
663 3493 700 3558 et
723 3491 800 3558 eius
823 3491 973 3559 heredes
997 3491 1048 3562 ibi
1071 3493 1228 3560 residere
1252 3496 1289 3559 et
1311 3495 1505 3572 habitare,
1542 3496 1641 3562 fovee
1665 3500 1702 3564 et
1725 3514 1846 3564 omnes
1877 3497 2022 3566 illorum
2048 3498 2224 3569 utilitates
2255 3501 2350 3571 iusta
2373 3519 2431 3572 ra-

574 3647 672 3715 tione
695 3646 745 3715 ibi
769 3649 900 3725 iacere,
926 3649 962 3714 et
984 3665 1048 3736 per
1070 3668 1173 3716 omne
1197 3667 1332 3716 annum
1357 3649 1400 3718 de
1424 3652 1668 3739 suprascripto
1693 3671 1813 3720 mense
1839 3656 1876 3720 in
1899 3653 2087 3732 kalendis,
2113 3655 2238 3724 amodo
2260 3659 2298 3724 et
2321 3675 2431 3745 usque

574 3803 741 3890 completi
764 3803 830 3890 ipsi
856 3806 929 3871 tres
953 3803 1052 3882 anni,
1070 3803 1179 3872 deant
1201 3803 1275 3872 illis
1298 3805 1400 3874 nobis
1424 3808 1626 3894 nostrisque
1650 3807 1840 3876 heredibus
1863 3811 1936 3876 tres
1960 3809 2041 3878 auri
2066 3813 2209 3878 tarenos
2234 3814 2352 3888 bonos,
2380 3809 2431 3880 ia·

575 3957 739 4026 ciendum
764 3977 826 4026 nos
848 3959 891 4025 de
915 3958 1001 4046 ipsis
1026 3959 1163 4028 tarenis
1187 3961 1280 4048 quod
1303 3961 1535 4029 voluerimus.
1560 3966 1598 4028 et
1621 3980 1684 4048 per
1707 3961 1959 4032 convenientia
1982 3963 2060 4050 ipsa
2086 3964 2200 4032 maria
2217 3967 2352 4052 guadia
2368 3986 2428 4034 no-

575 4114 629 4182 bis
652 4113 778 4192 dedit,
803 4116 844 4181 et
865 4115 1144 4182 fidemiussorem
1172 4115 1273 4184 nobis
1296 4115 1453 4202 seipsam
1475 4115 1620 4202 posuit;
1657 4117 1694 4182 et
1716 4134 1781 4202 per
1803 4115 1917 4202 ipsam
1941 4117 2111 4202 guadiam
2134 4117 2310 4205 obligavit
2331 4137 2369 4186 se
2391 4123 2428 4188 et

574 4287 655 4336 suos
678 4269 841 4352 heredes,
868 4267 992 4336 amodo
1017 4272 1054 4336 et
1076 4269 1361 4357 suprascriptum
1384 4270 1617 4337 constitutum
1641 4270 1869 4357 completum,
1888 4271 2020 4358 inipsa
2044 4275 2144 4340 terra
2167 4293 2248 4340 cum
2272 4293 2357 4342 casa
2374 4295 2427 4342 re-

575 4421 692 4489 sidere
715 4424 752 4488 et
774 4420 969 4498 habitare,
1005 4421 1099 4489 sicut
1121 4422 1400 4510 suprascriptum
1426 4425 1481 4490 est
1500 4444 1507 4489 :
1540 4427 1577 4490 et
1600 4442 1664 4490 nos
1686 4423 1924 4512 suprascripti
1947 4425 2113 4512 germani
2147 4428 2428 4516 suprascriptam

574 4594 693 4644 casam
717 4575 961 4661 cooperiamus
989 4578 1026 4642 et
1049 4576 1251 4642 conciemus
1274 4595 1409 4652 eorum,
1428 4575 1522 4644 sicut
1545 4575 1719 4644 meruerit
1741 4578 1837 4644 iusta
1861 4577 2011 4644 ratione:
2025 4549 2066 4644 ct
2081 4579 2302 4648 defensemus
2326 4583 2428 4651 illam

573 4751 701 4801 eorum
725 4737 771 4802 ab
793 4733 958 4800 omnibus
980 4732 1196 4801 hominibus.
1215 4733 1268 4800 Ad
1284 4733 1453 4818 completi
1477 4731 1546 4820 ipsi
1570 4735 1643 4799 tres
1666 4731 1765 4810 anni,
1786 4735 1860 4799 tota
1876 4732 2121 4820 suprascripta
2135 4740 2236 4802 terra
2252 4755 2331 4804 cum
2347 4755 2433 4806 casa

574 4889 675 4957 clusa
698 4893 735 4956 et
758 4891 926 4976 cooperta
950 4888 1138 4956 remittant
1161 4889 1234 4956 illis
1258 4889 1304 4958 ad
1329 4891 1489 4956 nostram
1513 4890 1752 4976 potestatem,
1787 4887 1990 4956 iaciendum
2014 4907 2076 4956 nos
2100 4887 2232 4957 exinde
2256 4891 2347 4978 quod
2372 4911 2431 4960 vo·

572 5045 759 5112 luerimus.
785 5046 822 5110 et
844 5013 954 5112 liceat
976 5043 1048 5112 illis
1071 5043 1155 5111 inde
1179 5043 1281 5110 exire
1306 5062 1386 5110 cum
1410 5043 1532 5112 omnia
1555 5041 1701 5111 illorum
1725 5061 1847 5120 eausa,
1873 5046 1910 5111 et
1925 5043 1980 5110 ire
2000 5045 2059 5112 ubi
2085 5045 2277 5122 voluerint,
2296 5047 2430 5134 absque

574 5202 697 5267 nostra
720 5198 824 5265 etde
848 5197 980 5265 nostris
1003 5197 1195 5266 heredibus
1217 5196 1489 5265 contrarietate.
1517 5199 1562 5265 Et
1585 5197 1628 5275 si,
1653 5195 1747 5264 sicut
1770 5196 1937 5284 superius
1961 5196 2134 5284 scriptum
2159 5202 2225 5276 est,
2253 5201 2331 5288 ipsa
2355 5219 2435 5268 ma·

576 5355 632 5422 ria
654 5357 690 5423 et
714 5373 796 5423 suos
820 5354 969 5423 heredes
993 5354 1093 5426 nobis
1117 5373 1189 5422 non
1212 5353 1516 5442 adimpleberint,
1542 5355 1579 5420 et
1601 5353 1849 5441 suprascripta
1872 5354 1931 5420 vel
1953 5371 2000 5422 ex
2024 5353 2075 5422 eis
2100 5354 2291 5443 quicquam
2316 5376 2433 5426 remo-

577 5529 659 5578 vere
682 5513 747 5578 aut
769 5507 1015 5576 contradicere
1039 5507 1334 5594 presumpserint,
1353 5525 1417 5594 per
1440 5508 1554 5595 ipsam
1577 5507 1746 5595 guadiam
1769 5510 1806 5575 et
1820 5507 2107 5577 convenientiam
2131 5509 2309 5595 obligavit
2332 5529 2370 5578 se
2386 5515 2435 5580 et

575 5678 656 5732 suos
677 5661 828 5732 heredes
851 5679 1061 5749 componere
1086 5665 1185 5731 nobis
1220 5662 1421 5750 nostrisque
1445 5661 1636 5729 heredibus
1660 5661 1790 5748 viginti
1826 5662 1907 5731 auri
1930 5661 2062 5767 solidos
2086 5665 2358 5740 constantines,
2393 5667 2436 5732 et

575 5815 668 5883 sicut
691 5815 854 5901 superius
878 5815 1050 5903 scriptum
1074 5821 1141 5896 cst,
1160 5815 1262 5885 nobis
1287 5815 1486 5903 adimplere
1509 5815 1630 5885 omnia
1650 5815 1896 5904 suprascripta
1919 5814 2004 5884 iecit
2028 5814 2107 5902 ipsa
2134 5815 2252 5884 maria
2275 5834 2356 5884 cum
2373 5835 2438 5886 vo·
