5398 7106
1005 492 1416 593 nrrnourrrcus

1068 754 1349 838 MGXCIV

1065 971 1123 1044 A.
1152 971 1208 1045 D.
1238 973 1362 1048 1054
1393 1051 1395 1056 ,

340 1161 429 1253 †ln
452 1167 593 1235 nomine
616 1168 749 1238 domini
772 1173 976 1242 duodecimo
1000 1195 1094 1242 anno
1117 1175 1340 1261 principatus
1364 1174 1483 1241 domni
1507 1173 1618 1241 nostri
1642 1173 1761 1258 gisulfi
1784 1173 1930 1259 gloriosi
1953 1177 2141 1263 principis,

291 1335 412 1386 mense
425 1319 616 1397 februario,
641 1323 794 1410 septima
809 1323 1014 1394 indictione.
1034 1329 1180 1395 Declaro
1204 1347 1270 1414 ego
1287 1330 1447 1405 Amatus,
1462 1327 1585 1396 divina
1602 1325 1846 1396 misericordia
1860 1331 1984 1395 sancte
1997 1333 2140 1416 pestanc

291 1471 385 1539 sedis
409 1475 580 1559 pontifex,
596 1475 764 1562 quoniam
789 1478 970 1590 theodora,
987 1483 1119 1546 vestem
1144 1483 1268 1547 sancte
1292 1480 1349 1546 dei
1363 1481 1550 1564 genitricis
1566 1484 1602 1547 et
1620 1481 1771 1566 virginis
1788 1482 1900 1548 marie
1916 1481 2054 1560 induta,
2073 1503 2141 1570 que
2214 1523 2216 1530 ι

293 1626 346 1690 est
367 1623 443 1692 fllia
466 1624 585 1691 domni
608 1627 768 1712 gregorii
793 1648 1020 1697 romanorum
1045 1631 1144 1697 ducis
1168 1633 1204 1698 et
1227 1631 1396 1709 consulis
1415 1635 1451 1698 et
1474 1633 1594 1698 fuerat
1619 1653 1709 1698 uxor
1733 1633 1879 1718 palduld
1905 1634 1969 1700 fflii
1991 1636 2143 1704 serenis·
2199 1683 2202 1690 ·

293 1777 381 1844 sime
405 1779 661 1846 recordationis
685 1781 804 1848 domni
828 1785 1021 1869 guaimarii
1046 1785 1231 1871 principis:
1248 1787 1283 1850 Iu
1310 1788 1416 1854 rebus
1439 1787 1513 1854 suis
1530 1787 1685 1874 propriis
1702 1788 1739 1854 in
1757 1789 1885 1856 finibus
1908 1790 2060 1864 lucerne,
2082 1789 2138 1854 ulii

291 1931 433 2016 proprie
456 1932 601 1999 subarci
624 1933 768 2012 dicitur,
784 1955 807 2001 a
830 1955 918 2001 novo
943 1937 1150 2004 fundamine
1173 1939 1361 2005 ecclesiam
1386 1943 1589 2008 construxit
1613 1899 1653 2008 in
1675 1961 1782 2007 onore
1807 1941 1923 2008 sancti
1939 1943 2089 2028 apostoli
2104 1949 2140 2007 ct

290 2089 510 2174 evangeliste
534 2091 668 2156 mathei
692 2111 798 2177 quam
822 2110 888 2176 ego
912 2093 1085 2160 dedicavi.
1121 2094 1222 2159 Nunc
1246 2097 1367 2160 autem
1403 2094 1501 2160 venit
1524 2097 1563 2160 at
1587 2113 1649 2162 nos
1673 2096 1751 2180 ipsa
1790 2095 1960 2162 theodora
1983 2115 2137 2181 querens·

290 2241 520 2308 securitatem
544 2243 700 2328 recipere
724 2244 767 2310 de
792 2244 915 2311 eadem
939 2245 1090 2312 ecclesia
1114 2250 1150 2312 et
1174 2246 1216 2312 de
1244 2247 1350 2313 rebus
1374 2245 1485 2332 ipsius
1510 2248 1671 2324 ecclesie,
1689 2249 1783 2315 sicut
1807 2249 1956 2316 inferius
1979 2250 2139 2318 declara-

290 2413 394 2472 mus,
421 2395 579 2482 qualiter
602 2397 726 2463 amodo
751 2399 786 2463 et
810 2415 950 2483 semper
973 2416 1102 2466 secura
1125 2403 1161 2465 et
1184 2400 1299 2466 livera
1324 2419 1346 2466 a
1370 2403 1474 2486 parte
1499 2403 1612 2468 nostri
1636 2402 1804 2488 episcopii
1829 2406 1991 2469 maneret
2014 2407 2051 2469 et
2074 2405 2138 2468 illa

288 2567 370 2614 curn
393 2549 577 2615 boluntate
600 2550 784 2616 mundoalt
806 2569 950 2616 suorum
975 2571 1055 2618 oum
1079 2571 1151 2636 qua
1174 2550 1296 2618 omnia
1319 2569 1387 2637 que
1410 2550 1448 2616 in
1475 2554 1542 2618 hac
1559 2552 1703 2618 cartula
1725 2551 1861 2640 scripta
1886 2557 1922 2620 et
1945 2553 2133 2622 scrivendo

289 2705 373 2768 sunt
396 2702 475 2778 feci,
501 2703 606 2769 daret
628 2704 741 2770 libras
765 2704 909 2789 argenti
925 2705 1094 2798 quinque.
1120 2707 1217 2770 Tunc
1241 2708 1400 2790 cepimus
1417 2704 1500 2771 inde
1518 2707 1651 2771 havere
1675 2707 1890 2791 colloquium
1908 2727 1989 2772 cum
2006 2708 2136 2774 madel-

289 2873 343 2920 mo
368 2855 506 2922 notario
530 2860 651 2924 nostro
675 2859 879 2924 atvocatore
902 2862 939 2924 et
962 2876 1042 2924 cum
1069 2856 1242 2925 radecisio
1265 2857 1397 2924 clerico
1422 2863 1542 2924 nostro
1566 2838 1802 2925 ministeriale
1825 2863 1954 2926 etcum
1979 2859 2061 2926 aliis
2079 2881 2137 2926 no·

290 3008 374 3075 stris
397 3009 535 3076 clericis
559 3012 756 3087 honoratis.
784 3011 873 3077 lnito
898 3007 1044 3078 consilio
1069 3013 1168 3078 nobis
1191 3010 1355 3078 omnibus
1379 3013 1595 3096 complacuit
1619 3013 1708 3079 talia
1733 3005 1862 3080 facere.
1903 3015 1961 3079 Set
1987 3014 2032 3080 ud
2058 3017 2136 3099 plc-

288 3162 390 3228 niter.
404 3165 440 3228 et
463 3163 613 3229 firmiter
636 3165 701 3229 hec
725 3164 894 3249 perficere
918 3141 1118 3230 valeremus
1143 3171 1213 3230 Ilec
1236 3163 1355 3233 omnia
1379 3185 1442 3251 per
1467 3166 1983 3251 memetipsumsupradictum
2007 3166 2134 3233 domno

286 3315 439 3402 principi
464 3317 638 3392 nuntiavi,
656 3323 694 3383 ut
716 3337 781 3403 per
803 3317 879 3383 eius
902 3317 1082 3384 licentiam
1107 3321 1201 3385 hanc
1224 3319 1422 3386 faceremus
1446 3319 1743 3386 convenientiam.
1771 3321 1846 3405 lpse
1871 3337 2025 3406 namque
2049 3321 2134 3406 piis-

275 3469 394 3536 -simus
417 3471 593 3557 princeps,
608 3471 690 3537 dum
716 3490 779 3557 per
795 3489 896 3537 suam
919 3471 1193 3557 exquisitionem
1217 3471 1431 3556 agnovisset,
1451 3473 1543 3559 quod
1557 3493 1685 3540 vonum
1710 3473 1755 3539 ad
1771 3475 1910 3559 partem
1935 3449 2047 3539 nostri
2062 3477 2135 3559 epi-

289 3625 398 3712 scopii
422 3626 609 3703 eveniret,
634 3627 848 3693 solutionem
874 3625 973 3728 nobis
998 3626 1096 3692 dedit
1119 3625 1208 3692 talia
1232 3625 1387 3692 faciendi
1411 3629 1448 3692 et
1471 3627 1514 3693 de
1537 3626 1611 3693 suis
1634 3626 1824 3712 presentiis
1862 3627 2131 3694 intermedium

286 3782 448 3846 nostrum
472 3778 660 3845 essendnm
683 3777 820 3843 direxit
844 3778 1038 3844 iohannem
1062 3777 1215 3844 iudicem
1239 3797 1343 3844 suurn
1367 3779 1508 3844 fidelem
1532 3796 1568 3844 eu
1592 3797 1654 3845 nos
1691 3778 1852 3864 utrisque
1888 3778 2050 3864 partibus
2073 3782 2132 3846 ob-

278 3933 482 4008 servantes,
509 3952 577 4018 que
601 3931 639 3998 in
663 3933 743 4016 lege
768 3931 1071 4016 langovardorum
1095 3933 1138 3998 de
1162 3932 1414 3998 convenientia
1439 3933 1679 4008 continentur,
1704 3935 1741 3998 et
1764 3951 1829 4018 per
1854 3934 1973 4017 partes
2007 3951 2131 3999 convo-

282 4085 442 4151 cavimus
465 4085 610 4151 idoneos
634 4085 808 4162 homines,
837 4088 875 4149 ut
899 4083 991 4171 quod
1022 4086 1233 4160 faceremus,
1260 4083 1404 4149 firmum
1429 4087 1465 4150 et
1489 4084 1618 4150 stabile
1643 4089 1886 4170 permaneret.
1934 4085 1989 4151 Sic
2017 4081 2135 4172 itaque

282 4239 463 4322 perhactis
488 4258 554 4324 ego
578 4239 770 4306 iamdictus
794 4241 955 4315 Amatus,
981 4238 1114 4305 domini
1138 4238 1260 4324 gratia
1283 4239 1459 4324 pontifex,
1485 4241 1569 4306 ante
1593 4241 1774 4325 presentia
1798 4239 1908 4327 ipsius
1943 4241 2072 4308 iudicis
2094 4245 2131 4308 et

284 4393 565 4478 subscriptorum
591 4393 730 4458 testium
756 4393 956 4479 recepimus
988 4411 1009 4458 a
1033 4395 1068 4457 te
1092 4391 1262 4459 iamdicta
1286 4393 1491 4463 Theodora,
1521 4412 1591 4459 una
1615 4396 1730 4458 tecum
1757 4394 1922 4461 adessent
1945 4396 2129 4461 mundoalt

284 4549 358 4620 tua,
374 4545 469 4631 ipsas
493 4545 648 4632 quinque
672 4545 785 4612 libras
809 4546 952 4630 argenti
976 4565 1039 4632 pro
1065 4547 1222 4613 utilitate
1246 4546 1356 4633 ipsius
1381 4547 1492 4614 nostri
1508 4547 1678 4633 episcopii
1702 4551 1738 4614 et
1761 4567 1825 4634 per
1841 4548 2123 4616 convenientiam

278 4698 369 4765 dum
395 4719 466 4766 una
489 4719 626 4766 mecum
650 4702 744 4766 esset
766 4699 842 4785 ipse
867 4699 1059 4766 advocatus
1082 4703 1119 4765 et
1141 4699 1216 4785 ipsc
1240 4697 1430 4765 radicisius
1454 4699 1620 4777 clericus,
1646 4718 1711 4786 per
1734 4701 1828 4766 hunc
1852 4699 2023 4786 scriptum
2047 4720 2128 4766 con-

281 4851 464 4918 firmamus
487 4852 552 4919 tivi
576 4853 745 4919 iamdicta
769 4853 959 4928 Theodora,
986 4852 1067 4918 dum
1093 4871 1165 4918 una
1189 4854 1306 4917 tecum
1341 4851 1507 4918 adessent
1545 4851 1621 4936 ipse
1656 4852 1842 4918 mundoalt
1864 4855 1936 4930 tue,
1964 4854 2126 4920 inclitam

281 5003 487 5072 iamdictam
511 5004 698 5071 ecclesiam
722 5023 801 5070 cum
842 5003 1003 5070 omuibus
1035 5006 1140 5070 rebus
1163 5002 1352 5068 stavilibus
1376 5004 1413 5067 et
1436 5001 1637 5078 movilibus,
1664 5005 1839 5087 quantum
1863 5002 1912 5068 ivi
1936 5005 2037 5071 modo
2061 5011 2125 5077 cst,

280 5161 345 5224 aut
368 5139 536 5224 inantea
560 5159 694 5225 havere
719 5157 910 5234 videvitur,
936 5157 1016 5223 Sive
1039 5175 1103 5242 per
1127 5175 1199 5232 vos,
1217 5175 1280 5223 seu
1303 5175 1367 5242 per
1391 5156 1539 5223 heredes
1563 5159 1653 5233 tuos,
1678 5157 1753 5224 sive
1770 5175 1833 5242 per
1847 5156 1937 5223 alios
1952 5159 2125 5233 homines,

279 5314 344 5376 aut
367 5329 432 5396 per
456 5312 713 5398 qualecumque
737 5311 878 5378 modurn
902 5309 940 5376 in
963 5310 1040 5396 ipsa
1063 5308 1215 5376 ecclesia
1237 5309 1401 5374 offertum
1426 5310 1489 5373 aut
1523 5307 1693 5374 donatum
1731 5311 1795 5374 aut
1825 5312 2127 5376 concessum-fue-

279 5464 342 5539 rit,
368 5461 438 5528 eud
462 5461 758 5548 qualemcumque
780 5457 997 5528 oblationem
1020 5461 1140 5528 abbati
1166 5460 1221 5526 vel
1245 5459 1412 5536 custodis,
1429 5459 1490 5544 qui
1507 5459 1545 5525 in
1568 5459 1646 5544 ipsa
1668 5459 1818 5528 ecclesia
1833 5479 1897 5547 per
1912 5463 1959 5538 te,
1977 5465 2041 5528 aut
2064 5481 2125 5549 per

278 5619 367 5681 tuos
393 5615 541 5682 heredes
564 5615 718 5682 ordinati
743 5613 877 5682 fuerint
898 5613 1005 5680 simul
1028 5631 1107 5679 cum
1131 5611 1209 5698 ipsa
1232 5610 1392 5688 ecclesia,
1406 5609 1472 5678 tibi
1498 5612 1637 5697 tuisque
1661 5611 1854 5680 heredibus
1876 5613 2122 5680 confirmamus

281 5773 395 5855 atquc
421 5767 570 5837 liveram
597 5769 850 5844 concedimus,
889 5771 929 5834 ut
950 5765 1045 5834 omni
1069 5769 1227 5852 tempore
1250 5785 1273 5833 a
1295 5769 1399 5852 parte
1423 5764 1537 5832 nostri
1583 5763 1756 5852 episcopii
1790 5785 1915 5834 secura
1949 5769 1985 5832 et
2014 5766 2129 5832 livera
