5398 7106
1017 482 1468 558 ulruounrlous
2007 485 2075 561 211

288 675 401 744 eidem
425 677 584 756 ecclesie,
610 699 678 767 qus
701 681 836 748 666116
851 681 967 747 locum
990 679 1212 765 caputaquis,
1246 676 1306 744 ubi
1330 678 1401 743 616
1417 694 1588 744 66666666
1611 677 1754 755 1161166,
1780 681 2136 768 666661111616661

288 829 399 896 eidem
425 831 577 919 iaquinti
601 833 750 900 tradidit
772 835 871 902 terra
895 827 976 902 c'um
1000 834 1141 920 pastino
1165 833 1279 900 61661
1302 849 1366 934 per
1389 831 1475 897 11666
1499 833 1536 896 61
1558 849 1744 898 mensuras
1770 831 1862 900 16616
1886 851 1992 920 66666
2009 833 2138 900 ominis

288 985 506 1060 mensurata,
531 986 568 1050 61
589 1003 635 1052 err
658 987 755 1052 omni
778 986 881 1071 parte
904 985 1060 1052 66111616
1083 987 1189 1052 rebus
1212 984 1332 1052 cidem
1357 983 1533 1052 ecclesie:
1568 1003 1590 1050 a
1613 987 1716 1070 parte
1742 984 1891 1052 meridie
1913 987 1996 1052 abet
2018 1004 2140 1072 passos

288 1135 539 1220 quadraginta;
565 1141 610 1204 ab
632 1137 813 1205 occidente
836 1139 919 1205 abet
940 1155 1061 1224 passos
1084 1137 1357 1224 quinquaginta
1372 1136 1466 1204 61661
1489 1137 1653 1210 66661611,
1681 1137 1971 1223 aseptemtrione
1986 1140 2023 1204 et
2041 1137 2135 1223 passi

291 1285 441 1370 triginta
463 1283 541 1360 du03
567 1282 618 1355 ab
635 1290 772 1356 oriente
795 1289 949 1380 61166661
972 1289 1102 1374 viginti
1124 1307 1201 1355 sex.
1221 1291 1397 1354 66661666
1421 1287 1666 1375 suprascripta
1690 1288 1793 1374 66616
1817 1289 1976 1356 1616666
2000 1307 2064 1375 666
2079 1291 2136 1356 su-

287 1413 486 1523 prascripte
507 1439 594 1504 11666
617 1443 654 1506 61
677 1440 875 1508 6666666166
899 1459 964 1527 ego
988 1440 1099 1526 ipsius
1123 1438 1277 1525 iaquinti
1301 1437 1452 1505 tradidit
1475 1439 1540 1505 tali
1564 1439 1701 1516 ordine,
1727 1441 1767 1506 ut
1790 1439 1913 1506 amodo
1937 1443 1973 1506 et
1996 1458 2135 1527 semper

287 1593 387 1656 natos
411 1594 594 1660 nascentes
618 1591 749 1660 adsue
775 1596 812 1659 61
835 1593 879 1660 16
901 1593 975 1660 6616
998 1591 1187 1660 heredibus
1212 1592 1487 1679 61616616616116
1511 1593 1595 1658 illut
1619 1594 1826 1671 tenendum,
1847 1596 1945 1661 fobee
1970 1599 2006 1660 et
2020 1597 2133 1662 omnis

287 1745 429 1812 illorum
454 1743 620 1812 utilitatis
642 1745 737 1812 iusta
761 1747 933 1812 rationem
957 1745 1089 1812 ibidem
1113 1748 1247 1848 lacerav
1270 1746 1449 1832 simulque
1472 1747 1509 1812 61
1532 1748 1743 1830 potestatem
1781 1749 1914 1813 abeant
1940 1747 2012 1814 illis
2036 1749 2131 1815 foras

288 1898 364 1984 ipsa
387 1898 568 1964 mensuria
591 1899 630 1965 in
653 1901 758 1966 rebus
782 1899 893 1984 ipsius
917 1899 1066 1966 ecclesie
1090 1899 1139 1966 ibi
1163 1898 1355 1966 coniuncta
1389 1901 1580 1984 666166666
1617 1898 1722 1965 61666
1760 1903 1796 1964 61
1820 1918 1922 1984 poma
1960 1905 2133 1986 quantum

290 2052 436 2119 boluerit
460 2052 497 2118 in
520 2055 762 2138 suprascripto
785 2052 936 2129 ordine,
962 2055 999 2119 ct
1021 2071 1101 2118 casa
1124 2051 1174 2118 ibi
1198 2052 1390 2119 coniuncta
1414 2052 1508 2120 16666
1532 2052 1606 2138 ipse
1630 2053 1712 2119 11616
1736 2055 1773 2118 61
1797 2011 1980 2121 mensurio
2004 2053 2133 2122 ibidem

286 2206 414 2284 166666,
431 2208 468 2272 61
490 2207 613 2272 aberet
634 2225 774 2294 semper
799 2206 862 2272 ille
878 2209 914 2272 et
929 2209 1006 2272 eius
1029 2206 1152 2272 eredes
1165 2206 1215 2272 ibi
1232 2205 1389 2272 residere
1412 2207 1449 2272 61
1472 2206 1623 2280 abitare;
1640 2209 1676 2272 61
1699 2207 1823 2274 amodo
1848 2210 1885 2274 61
1907 2225 2047 2294 semper
2070 2227 2134 2293 666

284 2360 396 2426 omnis
419 2378 552 2426 annum
576 2362 658 2426 abto
682 2362 839 2445 tempore
863 2363 976 2426 totum
999 2358 1091 2424 illud
1115 2359 1355 2444 propaginare
1378 2361 1415 2424 et
1437 2360 1627 2442 pastenare
1651 2378 1755 2444 poma
1779 2359 1839 2426 ubi
1863 2360 2060 2436 meruerit,
2098 2368 2134 2426 et
2197 2447 2199 2452 Ι

284 2483 388 2578 61666
411 2512 454 2578 16
477 2515 565 2578 bono
590 2512 720 2578 6111666
747 2515 785 2578 61
811 2511 848 2578 16
876 2510 1041 2596 completi
1066 2511 1186 2576 decem
1213 2511 1311 2588 6661,
1331 2515 1369 2576 61
1385 2511 1510 2578 amodo
1526 2529 1563 2578 se
1580 2513 1791 2596 compleant,
1817 2515 1947 2580 abeant
1970 2512 2043 2580 illis
2059 2515 2135 2580 tota

283 2665 359 2750 ipsa
380 2666 592 2734 tradictione
616 2668 739 2732 666166
763 2633 866 2732 66616
889 2669 925 2731 61
947 2667 1097 2752 6666616
1121 2664 1294 2774 6166616
1318 2667 1408 2730 6666
1432 2664 1593 2740 6111666,
1626 2667 1662 2730 61
1687 2665 1746 2732 661
1773 2667 1944 2732 (66666611
1970 2685 2117 2752 pomae

282 2821 381 2887 clusa
404 2823 450 2886 ab
466 2821 547 2887 inde
563 2821 725 2886 1666166
746 2820 841 2886 omni
866 2824 1024 2906 tempore
1049 2821 1124 2887 11116
1148 2819 1240 2887 11161
1258 2819 1424 2886 16666666
1442 2821 1571 2884 bonum
1595 2818 1638 2884 16
1655 2838 1761 2904 super
1788 2822 1824 2884 61
1847 2820 2026 2886 16666166
2041 2819 2114 2886 sicu

2122 2675 2135 2732 t

2121 2827 2134 2886 1

282 2973 464 3060 meruerit,
490 2977 531 3038 61
552 2991 692 3058 semper
714 2971 902 3058 6661161661
925 2975 961 3038 61
984 2991 1054 3038 666
1080 2972 1311 3057 dispereant,
1337 2973 1373 3036 et
1397 2970 1490 3036 unde
1513 2970 1682 3036 meruerit
1705 2970 1778 3036 illis
1802 2970 1893 3036 illud
1930 2972 2073 3037 cludere
2098 2977 2134 3037 et

2119 3129 2133 3188 t

281 3143 420 3208 semper
444 3124 582 3190 clusum
606 3127 642 3190 et
663 3126 803 3190 salbum
827 3122 918 3190 illud
942 3125 1077 3198 66666,
1112 3125 1152 3190 61
1175 3141 1240 3208 666
1263 3122 1378 3190 omnis
1402 3142 1538 3190 annum
1563 3123 1693 3189 bonum
1718 3123 1848 3208 paread
1873 3125 2074 3188 laboratum
2099 3146 2115 3187 c

280 3277 497 3352 studiatum3
522 3279 559 3343 et
581 3295 603 3344 a
627 3296 695 3362 quo
719 3276 841 3344 binum
866 3274 949 3341 inde
972 3274 1106 3342 exierit
1129 3293 1194 3360 per
1217 3274 1330 3341 omnis
1354 3295 1487 3342 annum
1512 3286 1652 3361 semper
1677 3294 1740 3360 per
1765 3278 1922 3361 tempore
1945 3276 1988 3342 16
2012 3275 2136 3342 vinde-

281 3431 351 3498 mie
375 3431 510 3497 faciant
533 3429 605 3495 illis
627 3447 691 3495 666
713 3428 818 3504 66166,
844 3429 885 3494 61
907 3427 957 3496 161
981 3427 1181 3513 dirigamus
1205 3426 1351 3493 missum
1380 3429 1568 3504 nostrum,
1611 3430 1647 3492 et
1670 3426 1743 3492 illis
1766 3428 1848 3492 6616
1872 3429 2031 3511 temporo
2055 3425 2136 3510 ipsa

280 3586 470 3653 traditione
494 3584 725 3676 vindemiare,
744 3583 863 3668 ibique
886 3581 932 3648 ad
956 3583 1193 3666 palmentum,
1213 3583 1249 3646 et
1275 3579 1390 3646 omnis
1414 3597 1518 3664 poma
1535 3597 1603 3664 que
1630 3578 1843 3654 1611666161,
1862 3579 2133 3644 illisillamcol-

282 3741 397 3826 ligere
419 3757 483 3805 suo
506 3741 680 3823 ternpore,
705 3734 806 3801 etde
829 3733 943 3800 omnis
966 3733 1088 3798 binum
1113 3735 1149 3798 61
1171 3751 1296 3818 poma,
1322 3732 1415 3820 quod
1438 3732 1481 3798 de
1505 3735 1581 3799 1616
1604 3723 1684 3817 1666
1705 3735 1810 3798 rebus
1834 3731 1994 3807 exierit,
2021 3732 2132 3798 deant

280 3894 362 3960 inde
386 3892 525 3978 adipso
549 3892 694 3957 missum
718 3889 765 3956 da
788 3907 871 3974 pars
894 3888 1052 3973 66611616
1091 3888 1238 3954 ecclesie
1278 3887 1404 3952 inclita
1428 3837 1692 3972 quarta'pars3
1735 3885 1872 3971 relique
1911 3887 1983 3950 tres
2021 3886 2133 3950 sortes

279 4045 360 4112 inde
397 4043 464 4112 sibi
487 4047 629 4119 abeant,
669 4043 746 4128 ipsa
768 4041 878 4108 sertio
916 4047 1039 4108 nostra
1077 4039 1228 4126 161666
1268 4041 1390 4107 binum
1430 4039 1503 4104 illis
1542 4038 1632 4124 illud
1656 4040 1801 4124 portare
1839 4038 1979 4103 salbum
2019 4055 2133 4123 66666

279 4199 324 4266 61
358 4197 544 4265 cellarium
557 4250 568 4283 ,
596 4197 687 4284 quod
711 4215 795 4283 pars
819 4195 977 4282 predicte
1011 4193 1162 4260 ecclesie
1188 4192 1236 4258 ibi
1259 4193 1343 4258 abet
1365 4191 1403 4256 in
1427 4189 1549 4256 eodem
1577 4191 1675 4264 loco,
1704 4192 1741 4254 et
1764 4190 1916 4255 mietant
1938 4189 2020 4256 illas
2044 4188 2132 4256 illud

279 4353 317 4420 in
341 4371 499 4438 organea
522 4369 591 4437 que
614 4350 647 4416 ei
687 4349 1015 4438 assingaberimus,
1056 4351 1092 4412 61
1115 4365 1180 4432 666
1213 4345 1288 4411 11116
1322 4361 1484 4430 organea
1523 4343 1601 4428 1666
1638 4319 1779 4429 semper
1817 4343 1913 4410 siant
1937 4345 2027 4408 bona
2050 4359 2132 4408 con-

279 4509 375 4572 66616
397 4507 434 4570 61
455 4504 624 4579 61611616,
651 4506 688 4569 61
710 4502 806 4569 16166
830 4503 908 4588 1666
929 4499 1076 4567 66116616
1099 4499 1196 4565 61661
1221 4497 1349 4582 666116.
1375 4496 1450 4582 1666
1476 4495 1635 4569 missum,
1662 4495 1744 4560 dum
1771 4513 1834 4580 pro
1861 4493 1937 4578 ipso
1971 4494 2052 4562 vino
2077 4513 2131 4558 66-

277 4660 478 4748 cipiendum
502 4658 549 4726 161
573 4658 726 4732 steterit,
752 4656 825 4722 illis
848 4676 928 4722 eum
953 4657 1089 4721 notrire
1112 4651 1305 4718 secundum
1330 4649 1474 4728 illorum
1500 4647 1747 4733 possibilitate,
1772 4651 1808 4714 61
1837 4647 1946 4733 66616
1971 4602 2130 4730 tempore

278 4818 326 4882 ab
349 4813 415 4900 ipsi
440 4813 559 4879 decem
582 4811 668 4878 anni
691 4810 728 4876 in
752 4812 859 4876 66166
883 4807 956 4874 11116
980 4807 1058 4894 1666
1081 4807 1297 4874 16611611666
1322 4807 1487 4872 laborata
1513 4808 1551 4870 et
1572 4805 1720 4889 operata
1756 4803 1847 4868 bona
1869 4807 1971 4867 66616
2011 4797 2128 4874 vinea,

278 4971 315 5034 et
339 4967 398 5034 ubi
423 4965 593 5032 (66666611
615 4982 719 5052 poma
742 4979 822 5028 cum
846 4961 934 5027 illud
959 4961 1051 5048 quod
1075 4960 1123 5028 ibi
1148 4960 1392 5046 pastenaberit
1415 4959 1510 5024 16666
1534 4956 1612 5041 1666
1637 4953 1845 5028 (66666616,
1888 4953 1982 5020 sicut
2006 4971 2131 5038 supra-

276 5121 539 5206 scriptumest,
563 5120 675 5184 totum
700 5119 842 5218 benum,
868 5117 1020 5188 surium,
1045 5112 1139 5180 sicut
1162 5111 1356 5187 meruerit,
1384 5107 1841 5193 666616166161661661616
1866 5123 1972 5180 mea,
1999 5103 2056 5168 vel
2085 5103 2130 5168 ad

277 5293 362 5360 pars
385 5273 543 5360 predicte
567 5269 716 5337 ecclesie
739 5267 939 5334 faciendum
963 5266 1045 5334 inde
1070 5265 1163 5352 quod
1188 5263 1356 5340 boluerit,
1381 5266 1418 5328 61
1440 5259 1556 5328 116661
1580 5259 1653 5325 11116
1677 5253 1758 5324 1616
1782 5257 1884 5322 exire
1908 5275 1988 5322 cum
2012 5256 2130 5322 omnis

277 5419 421 5496 illorum
445 5444 552 5493 causa
574 5423 734 5500 mobilia3
760 5425 796 5488 et
818 5441 882 5509 per
905 5402 1163 5488 combenientia
1189 5419 1264 5505 ipse
1290 5415 1474 5506 iaquintus
1498 5413 1668 5502 guadiam
1692 5411 1781 5478 mibi
1809 5410 1908 5478 dedit
1931 5413 1968 5476 et
1991 5409 2130 5477 1116166-

276 5601 390 5650 sorem
416 5580 524 5647 michi
547 5581 664 5666 posuit
688 5577 854 5665 seipsum,
883 5579 920 5644 61
942 5575 1043 5662 66166
1066 5592 1241 5661 germano
1266 5591 1341 5650 suo,
1360 5577 1397 5636 et
1419 5587 1483 5656 per
1506 5569 1618 5654 ipsam
1643 5566 1813 5653 guadiam
1837 5563 2014 5650 obligavit
2037 5564 2128 5660 6661

271 5759 333 5807 uos
385 5734 520 5808 eredes,
538 5737 578 5800 ut
599 5735 630 5800 si
653 5725 745 5800 sicut
766 5733 929 5820 superius
951 5731 1206 5817 scriptumest,
1229 5726 1339 5794 michi
1363 5727 1400 5791 et
1421 5724 1467 5791 ad
1483 5742 1564 5810 6666
1580 5721 1738 5809 66611616
1755 5718 1905 5788 66616616
1931 5737 2001 5785 666
2015 5715 2129 5783 adim-

275 5847 280 5860 ’
356 5857 427 5915 161.
451 5871 488 5912 (ι.
1948 5837 1982 5892 18
