5398 7106
1002 485 1407 560 llll’LOllllTiCUS
2028 488 2096 560 aba

288 684 376 747 loce.
403 679 479 746 Tali
503 647 666 756 hordine}
693 685 732 748 ut
756 682 881 750 anrodo
907 701 1015 770 usque
1038 685 1143 750 hecto
1165 701 1277 752 crines
1299 681 1466 768 completi
1490 685 1665 768 quantum
1690 680 1847 748 frudium
1872 681 1981 748 michi
2008 699 2054 748 eu
2079 683 2147 748 hea

285 835 428 902 evenire
452 836 567 916 debet,
592 837 634 904 de
657 855 763 922 super
786 840 823 904 et
845 839 888 904 de
910 841 1034 923 supter
1059 857 1080 904 a
1104 840 1206 922 parte
1231 837 1274 904 de
1298 836 1385 923 ipsis
1409 836 1684 912 laboratoribus,
1711 855 1819 922 quam
1843 836 1945 904 illam
1971 837 2142 914 retinent,

285 992 399 1058 tolum
423 988 513 1058 illud
537 992 605 1077 ipsi
629 991 808 1062 iamdictis
831 983 948 1059 mater
971 995 1008 1059 et
1031 993 1125 1059 lilius
1148 994 1210 1059 het
1234 992 1377 1057 illorum
1402 991 1591 1058 heredibus
1615 989 1682 1058 sibi
1707 991 1838 1058 tollant
1860 992 1897 1056 et
1920 993 2146 1067 hebescebat

285 1103 421 1213 faciant
443 1165 489 1214 ex
514 1149 580 1214 heo
605 1147 699 1234 qued
723 1147 914 1213 volueriut.
944 1150 987 1212 llt
1009 1145 1129 1230 obligo
1156 1165 1210 1212 me
1234 1165 1300 1232 ege
1325 1143 1513 1212 iamdictus
1538 1145 1710 1212 iohannes
1734 1145 1924 1221 diakonus,
1952 1149 1992 1212 ut
2015 1146 2141 1213 emnia

284 1301 362 1367 bois
380 1299 581 1388 'adimplere
605 1303 779 1370 faciamus
804 1303 896 1388 ipsos
919 1303 1163 1378 laboratores,
1190 1303 1349 1388 qualiter
1375 1301 1483 1368 michi
1508 1299 1706 1384 adimplere
1730 1299 1848 1378 debet,
1875 1301 2001 1367 amede
2026 1321 2139 1388 usque

284 1456 401 1540 ipsum
425 1456 659 1523 constitutum
684 1457 911 1541 completum.
939 1457 1128 1540 Completls
1154 1474 1238 1522 vero
1262 1457 1348 1542 ipsis
1371 1458 1475 1522 boeto
1498 1458 1616 1530 annis,
1643 1455 1826 1536 integram
1851 1455 2135 1541 suprascriptam

284 1609 527 1686 traditionem,
553 1610 712 1696 qualiter
734 1609 899 1695 superius
921 1610 1069 1694 legitur,
1089 1611 1282 1676 remictant
1306 1611 1427 1684 michi,
1456 1611 1511 1675 vel
1535 1609 1573 1676 in
1598 1612 1700 1695 parte
1725 1609 1893 1676 iamdicto
1909 1610 2071 1686 ecclesie,
2090 1611 2131 1677 ad

283 1763 483 1830 laciendum
508 1765 599 1850 quod
624 1765 852 1832 voluerimus.
888 1768 931 1830 Et
954 1785 1018 1850 per
1041 1765 1330 1832 convenientiam
1356 1767 1491 1850 guadia
1515 1765 1623 1830 miclri
1648 1765 1726 1850 ipsa
1749 1765 1995 1850 suprascripta
2020 1768 2137 1832 mater

282 1921 319 1986 et
342 1920 436 1986 filius
459 1919 634 1986 dederuut
657 1923 693 1984 et
716 1919 957 1986 fideiussorem
983 1919 1091 1986 michi
1116 1923 1313 2006 posuerunt
1335 1920 1489 2006 seipsum
1516 1919 1644 1986 ricum:
1682 1922 1718 1986 et
1742 1938 1806 2004 per
1830 1919 1944 2005 ipsam
1969 1919 2139 2004 guadiam

282 2075 535 2160 obligaberunt
558 2093 594 2140 se
619 2079 655 2140 et
679 2076 821 2142 illorum
846 2076 1037 2142 heredibus
1060 2095 1090 2142 si
1114 2078 1373 2163 suprascripta,
1393 2077 1447 2140 vel
1473 2094 1519 2144 ex
1546 2075 1622 2142 heis
1646 2074 1836 2161 quicquam
1864 2078 2049 2142 remobere
2074 2078 2140 2141 aut

282 2205 529 2298 contradicere
553 2231 849 2316 presumpserint,
868 2249 933 2316 per
956 2231 1072 2314 ipsam
1098 2232 1268 2316 guadiam
1291 2230 1467 2316 obligavit
1489 2249 1526 2296 se
1550 2233 1586 2294 et
1610 2229 1754 2295 illerum
1779 2230 1927 2296 heredes
1951 2249 2139 2316 compone-

283 2403 321 2449 re
346 2384 455 2450 michi
479 2383 636 2468 meisque
660 2383 854 2450 heredibus
879 2385 1031 2468 triginta
1056 2385 1136 2450 auri
1171 2385 1300 2450 solidos
1324 2382 1644 2448 constantinianas.
1684 2384 1749 2448 hee
1773 2383 2017 2468 suprascripta
2054 2382 2139 2448 fecit

282 2539 355 2623 ipsa
378 2539 504 2605 aloara
528 2557 592 2624 per
616 2539 835 2604 voluntatem
861 2538 971 2623 ipsius
996 2538 1061 2604 rci
1085 2537 1150 2604 filii
1173 2537 1228 2603 sui
1253 2558 1333 2604 cum
1358 2557 1427 2623 quo
1450 2539 1583 2612 omnia,
1610 2555 1677 2622 que
1701 2539 1738 2602 in
1762 2538 1830 2603 bac
1865 2541 1969 2606 carta
2004 2537 2143 2622 scripta

281 2693 376 2765 sunt,
403 2689 500 2755 lecit,
528 2693 572 2756 Et
612 2690 718 2756 aliter
742 2687 867 2775 scripsi
891 2709 958 2774 ego
981 2690 1204 2776 grimoaldus
1229 2694 1406 2757 notarius.

321 2841 349 2934 †
374 2847 448 2928 Ego
472 2843 642 2910 lllderissi
669 2843 830 2910 notarius
855 2863 910 2908 me
934 2844 1140 2931 subscripsi.

325 2995 352 3088 †
377 2999 451 3082 Ego
476 3001 598 3082 petrus
624 2997 783 3062 notarius
808 3016 863 3063 me
886 2997 1092 3082 subscripsi.

1075 3421 1357 3502 MCCXIII

1055 3669 1115 3742 A.
1143 3667 1199 3740 1).
1230 3669 1353 3743 1055

325 3895 352 3985 †
376 3897 415 3962 ln
441 3900 582 3965 nomine
606 3899 738 3968 demini
764 3902 1034 3988 quartodecimo
1059 3921 1152 3971 anrro
1176 3905 1400 3992 principatus
1423 3905 1544 3973 domni
1562 3907 1674 3972 nostri
1698 3906 1858 3992 gisulphi
1874 3907 2025 3992 gloriosi
2041 3908 2142 3994 prin·

196 4091 202 4102 ·
280 4052 379 4139 cipis,
407 4071 527 4120 mense
551 4054 704 4140 aprilis,
746 4057 899 4124 hectaba
922 4053 1128 4126 indictione.
1171 4063 1245 4147 Ege
1271 4061 1471 4128 malaricus
1495 4062 1538 4128 de
1562 4065 1639 4129 loco
1664 4062 1812 4130 nucerio
1834 4064 1929 4130 lllius
1953 4065 2137 4150 quondam

281 4207 445 4284 balsami,
471 4206 548 4274 vice
573 4229 653 4276 mea
675 4213 712 4276 et
734 4231 798 4296 pro
822 4210 898 4278 vice
922 4213 1149 4289 macbenolli,
1176 4213 1237 4300 qui
1260 4215 1330 4282 suit
1353 4215 1395 4280 de
1419 4215 1549 4283 finibus
1574 4236 1686 4304 capue
1710 4217 1805 4284 filios
1829 4218 2006 4304 quondam
2034 4219 2138 4303 petri,

280 4361 322 4427 cle
346 4379 386 4428 eo
415 4413 604 4428 ......
622 4409 629 4438 ,
663 4366 747 4430 ante
772 4366 871 4432 vonis
895 4367 1097 4434 hominibus
1122 4371 1158 4434 et
1180 4366 1392 4452 subscriptis
1416 4370 1579 4448 testibus,
1598 4389 1664 4456 per
1678 4371 1862 4438 licentiam
1887 4378 1924 4438 et
1947 4373 2140 4440 absolutio-

280 4536 359 4584 nem
383 4517 532 4586 domnus
557 4525 736 4588 muscatus
760 4519 893 4588 domini
916 4524 1039 4606 gratia
1063 4523 1283 4590 venerabilis
1306 4527 1417 4591 abbas
1439 4543 1485 4592 ex
1511 4525 1726 4592 monasterio
1750 4530 1874 4608 sancte
1897 4527 2040 4613 sophie,
2068 4546 2138 4612 que

279 4673 348 4742 sita
369 4677 424 4740 est
447 4673 545 4742 intus
569 4676 664 4742 cibes
686 4675 849 4752 salerni,
883 4695 947 4760 per
969 4678 1221 4746 conbenientia
1242 4679 1288 4746 ad
1312 4679 1505 4748 tenendum
1529 4681 1566 4745 et
1588 4680 1825 4747 lavorandum
1852 4679 2003 4748 tradidit
2025 4681 2134 4749 alleri

278 4829 460 4930 dalocum
487 4829 669 4896 balentiuo
691 4829 763 4895 filio
788 4829 964 4918 quondam
989 4831 1082 4900 mari
1105 4833 1149 4898 de
1173 4834 1279 4898 rebus
1303 4832 1507 4918 pertinente
1533 4831 1641 4919 ipsius
1665 4832 1814 4900 ecclesie
1830 4833 2010 4919 quadtuor
2034 4834 2138 4919 pecie

279 4983 322 5050 de
348 4984 469 5062 terris,
497 4985 589 5070 quod
613 5003 697 5070 pars
720 4984 872 5070 predicti
897 4983 1101 5054 monasterii
1126 4989 1234 5056 babet
1257 4987 1294 5058 in
1311 4987 1520 5054 iamdictum
1545 4990 1660 5054 locum
1677 4985 1913 5054 valentinum.
1940 4987 2063 5054 Prima
2080 5007 2137 5074 pe-

281 5139 337 5206 cia
361 5139 404 5206 de
429 5103 529 5208 terra
551 5161 632 5206 cum
657 5143 811 5208 arbustis
834 5144 870 5208 et
894 5162 1045 5210 vacuum
1062 5143 1244 5217 inlocum,
1271 5142 1480 5212 ubidicitur
1503 5143 1548 5210 ad
1564 5144 1691 5219 ortale,
1710 5163 1778 5228 que
1795 5145 1879 5209 abel
1893 5143 1974 5210 llnis
1991 5146 2027 5208 et
2044 5161 2138 5208 nieu-

280 5312 396 5362 suras:
422 5314 444 5361 a
467 5299 571 5384 parte
594 5297 738 5366 orientis
762 5297 831 5365 tine
855 5297 1047 5374 domnica,
1073 5303 1109 5366 et
1132 5302 1226 5384 passi
1254 5298 1383 5384 viginti
1407 5301 1523 5374 hortm
1549 5317 1572 5366 a
1595 5300 1699 5384 parte
1723 5296 1871 5364 meridie
1898 5298 1965 5364 fine
1990 5298 2135 5384 palude,

282 5451 363 5516 inde
386 5450 482 5536 passi
506 5453 632 5518 nobem
655 5455 692 5518 et
715 5453 873 5520 cubitum
899 5472 1035 5530 uuum;
1061 5472 1083 5520 a
1106 5456 1209 5538 parte
1232 5454 1425 5521 occidentis
1449 5455 1517 5521 llne
1541 5453 1584 5520 de
1607 5451 1859 5529 consortibus,
1900 5455 1936 5517 et
1958 5452 2056 5539 passi
2082 5451 2138 5519 vi-

278 5603 373 5691 giuti
397 5606 522 5682 hocto;
547 5607 590 5672 de
613 5625 720 5693 super
743 5607 862 5692 capite
885 5627 907 5674 a
930 5609 1210 5694 septemtrione,
1236 5613 1272 5676 et
1295 5611 1391 5697 passi
1415 5609 1775 5677 undecimsecunda
1798 5609 1901 5695 pecie
1924 5628 2014 5676 cum·
2031 5611 2139 5674 arbu-

278 5766 332 5828 sto
347 5762 393 5864 et
416 5759 644 5854 aliquantum
670 5761 829 5830 bacibum
854 5761 892 5829 in
915 5763 1037 5830 eodem
1060 5763 1136 5830 loco
1162 5763 1385 5831 balentinum
1411 5783 1474 5850 per
1498 5781 1537 5830 as
1561 5764 1648 5830 llnes
1672 5767 1709 5830 et
1733 5761 1931 5830 mensurias
1952 5784 1959 5828 :
1984 5781 2006 5828 a
2030 5763 2130 5848 parte

356 5881 427 5939 Tou.
450 5897 468 5988 i·
472 5897 489 5936 ι.
1951 5881 1986 5936 34
