5454 7104
1009 530 1434 608 blelolmrlcus
2066 536 2130 610 ⁴27

326 726 457 795 ibidem
482 725 636 794 resideat
658 729 695 794 et
718 727 858 805 abitet,
884 731 921 795 et
942 746 1026 798 suas
1051 727 1224 797 utilitates
1247 729 1286 796 in
1309 746 1353 795 ea
1376 725 1469 794 iusta
1493 729 1632 798 ratione
1656 729 1778 798 faciat.
1807 731 1851 796 m
1873 709 1928 805 si,
1954 729 2047 816 quod
2072 728 2178 802 absit,

324 899 394 969 ego
418 882 475 948 vel
498 901 544 950 ex
568 881 656 950 meis
679 883 893 958 heredibus,
919 887 983 951 aut
1006 883 1072 970 ipsi
1096 884 1161 952 dlii
1185 885 1379 972 guaimarii
1403 889 1440 954 et
1463 886 1528 956 lilii
1552 887 1752 965 adelberti,
1778 889 1835 954 vel
1859 905 1905 954 ex
1928 905 2052 954 eorum
2078 888 2183 954 here-

320 1036 427 1104 dibus
451 1035 763 1114 inhrmaberimus,
781 1040 846 1106 aut
867 1037 1142 1116 intimaverint,
1169 1039 1244 1126 ipse
1261 1037 1435 1107 iohannes
1456 1039 1610 1108 clericus
1632 1041 1742 1108 faciat
1764 1059 1830 1108 nos
1854 1041 1911 1108 vel
1927 1040 2000 1108 illis
2018 1039 2178 1114 visitare,

324 1191 418 1260 sicut
440 1191 542 1258 decet
565 1191 759 1261 infirmum.
786 1193 883 1260 Etsi
907 1189 1035 1280 aliquis
1057 1211 1104 1260 ex
1127 1211 1184 1260 me
1208 1194 1265 1260 vel
1289 1212 1334 1260 ex
1359 1193 1462 1272 illis,
1494 1196 1551 1262 vel
1575 1195 1662 1263 meis
1686 1197 1723 1262 et
1745 1193 1887 1262 illorum
1913 1193 2103 1262 heredibus
2126 1193 2185 1260 de-

325 1348 470 1415 functus
493 1343 629 1420 suerit,
655 1365 675 1412 e
716 1347 933 1414 voluerimus
956 1351 993 1417 et
1016 1350 1223 1424 voluerint,
1264 1347 1339 1436 ipse
1363 1349 1536 1418 iohannes
1559 1349 1706 1417 veniant
1729 1347 1776 1416 ad
1798 1349 1941 1416 domum
1965 1349 2009 1416 de
2032 1348 2097 1416 illo
2121 1347 2182 1422 cui

326 1499 458 1568 ovierit
480 1519 562 1568 cum
585 1501 659 1569 illis
683 1503 824 1570 clericis
847 1519 908 1570 seu
933 1501 1152 1589 presbiteris,
1178 1505 1215 1570 et
1239 1501 1376 1570 faciant
1398 1505 1450 1569 eis
1473 1502 1655 1582 officium,
1679 1501 1773 1570 sicut
1795 1503 1981 1580 meruerit,
2007 1505 2044 1568 et
2066 1505 2185 1588 porte

322 1673 400 1722 mus
423 1657 461 1722 et
483 1658 625 1741 portent
647 1655 753 1723 illum
777 1655 823 1723 ad
839 1658 952 1742 ipsam
976 1655 1177 1732 ecclesiam,
1195 1659 1232 1721 et
1255 1655 1404 1722 mittant
1429 1654 1531 1721 illum
1555 1653 1672 1722 incius
1695 1655 1774 1741 ipsa
1788 1655 1952 1730 ecclesia,
1968 1657 2004 1722 et
2026 1656 2182 1722 officium

322 1829 386 1896 pro
411 1827 452 1877 eo
476 1809 624 1884 iaciant,
650 1809 745 1877 sicut
767 1809 889 1886 decet;
915 1814 952 1876 et
974 1827 997 1878 a
1020 1810 1117 1876 foras
1140 1809 1219 1896 ipsa
1241 1809 1394 1876 ecclesia
1416 1828 1497 1876 eum
1520 1809 1735 1895 sepeliamus
1758 1814 1795 1876 et
1817 1809 2018 1896 sepelient,
2044 1811 2179 1896 absque

320 1965 480 2033 datione.
506 1965 604 2032 Etsi
627 1965 671 2033 do
697 1923 901 2033 hominibus
924 1965 1057 2033 nostris
1081 1966 1137 2031 vel
1162 1964 1307 2033 illorum
1331 1964 1510 2039 obierint,
1535 1963 1704 2030 similiter
1729 1963 1775 2031 ad
1798 1963 1912 2050 ipsam
1936 1965 2106 2040 domum,
2150 1971 2182 2035 si

320 2113 538 2186 vohrerimus
560 2121 597 2184 et
621 2117 809 2194 voluerint,
835 2120 983 2186 veniant
1004 2119 1097 2187 siout
1120 2119 1306 2195 meruerit,
1332 2121 1369 2185 et
1391 2119 1436 2186 ad
1460 2119 1575 2204 ipsam
1598 2118 1786 2185 ecclesiam
1810 2118 1913 2185 illurn
1937 2122 2118 2205 portemus
2142 2123 2180 2185 et

322 2275 478 2358 portent,
504 2273 663 2358 qualiter
686 2271 903 2340 voluerimus
926 2289 963 2338 ec
985 2270 1176 2348 voluerint,
1194 2273 1231 2338 et
1255 2271 1389 2340 iaciant
1411 2272 1446 2339 ei
1468 2271 1638 2350 officium,
1663 2272 1753 2340 sicut
1777 2271 1960 2348 meruerit,
1974 2275 2011 2339 et
2033 2290 2056 2339 a
2078 2275 2173 2340 foras

324 2423 402 2510 ipsa
425 2425 577 2493 ecclesia
600 2443 683 2492 eum
707 2425 862 2511 sepelire
886 2424 1060 2492 iaciamus
1082 2427 1120 2490 et
1142 2424 1282 2492 faciant
1304 2426 1437 2512 absque
1461 2424 1618 2493 datione.
1658 2427 1704 2491 Et
1726 2423 1893 2492 similiter
1932 2425 2046 2492 saciat
2081 2427 2190 2494 sabri-

319 2598 406 2647 care
429 2578 564 2646 atrium
588 2581 672 2646 ante
696 2578 810 2664 ipsam
834 2578 1021 2646 ecclesiam
1046 2581 1092 2646 ab
1114 2578 1193 2664 ipsa
1216 2577 1443 2645 defunctione
1460 2577 1569 2665 ipsius
1592 2579 1715 2646 abbati
1741 2599 1851 2666 usque
1867 2579 1936 2666 ipsi
1950 2580 2070 2646 decem
2095 2582 2183 2649 anni

318 2731 487 2821 completi
515 2737 657 2810 bonum,
683 2735 826 2822 qualem
849 2734 1036 2810 meruerit,
1062 2732 1108 2801 ad
1132 2732 1243 2808 calce,
1262 2735 1299 2798 et
1321 2735 1435 2834 petre,
1462 2735 1498 2798 et
1522 2732 1662 2818 pumice
1684 2751 1747 2800 seu
1773 2752 1896 2810 arena,
1922 2736 1959 2800 et
1981 2733 2084 2801 illum
2108 2754 2187 2802 coo-

320 2888 452 2976 periat,
477 2886 570 2954 sicut
592 2887 777 2954 meruerit.
797 2889 841 2953 Et
856 2884 1026 2972 quicquid
1050 2886 1187 2952 fructus
1210 2902 1254 2950 ex
1270 2883 1356 2969 ipsis
1381 2887 1487 2951 rebus
1510 2883 1642 2950 exierit
1665 2887 1702 2950 et
1719 2883 1865 2970 prodem
1881 2886 2010 2952 tollere
2026 2887 2183 2972 potuerit

316 3048 355 3111 et
384 3061 453 3129 que
476 3041 657 3109 dationem
680 3043 717 3108 et
739 3041 926 3127 sepultura
941 3039 979 3107 in
996 3038 1074 3124 ipsa
1097 3037 1247 3105 ecclesia
1270 3037 1476 3114 intraberit,
1494 3040 1607 3106 totum
1631 3037 1716 3106 illut
1739 3039 1806 3106 sivi
1834 3042 1953 3118 abeat,
1979 3041 2182 3110 faciendum

322 3197 369 3264 de
392 3215 432 3264 eo
455 3197 548 3284 quod
570 3195 733 3263 voluerit.
759 3198 910 3262 Tantum
934 3193 965 3261 si
989 3193 1183 3261 intraverit
1210 3192 1248 3260 in
1272 3193 1386 3280 ipsam
1421 3193 1607 3260 ecelesiam
1631 3192 1807 3262 animalia
1847 3195 1942 3272 viva,
1968 3199 2033 3264 aut
2069 3197 2181 3264 talem

315 3369 557 3439 causamque
594 3350 640 3419 ad
663 3352 912 3418 ornamentum
948 3350 991 3416 de
1027 3348 1105 3434 ipsa
1139 3345 1294 3414 ecclesia
1328 3346 1533 3433 pertineat,
1575 3363 1715 3432 semper
1746 3346 1794 3414 sit
1828 3347 1872 3414 de
1906 3348 1984 3435 ipsa
2017 3349 2181 3424 ecclesia,

321 3509 359 3574 et
402 3506 469 3574 ille
507 3506 598 3573 iliud
634 3507 757 3572 teneat
790 3509 827 3570 et
865 3507 970 3589 regat
1005 3505 1042 3569 et
1075 3502 1172 3570 iusta
1206 3501 1347 3568 ratione
1386 3502 1523 3568 salvum
1564 3501 1686 3568 saciat.
1725 3501 1899 3571 Similiter
1937 3507 1974 3570 et
2011 3507 2086 3572 tota
2124 3524 2194 3571 mo-

319 3661 407 3729 vilia
430 3658 630 3747 pertinente
655 3659 766 3744 ipsius
789 3656 936 3724 ecclesie
971 3656 1073 3723 salva
1096 3655 1233 3732 iaciat,
1273 3657 1369 3720 sicut
1402 3653 1576 3724 meruerit
1599 3655 1695 3722 iusta
1733 3654 1939 3734 rationem,
1980 3661 2017 3723 et
2040 3657 2182 3744 quando

320 3833 502 3884 necessum
527 3814 663 3890 luerit,
704 3813 783 3900 ipsa
819 3812 971 3880 ecclesia
1008 3811 1187 3898 cooperire
1225 3808 1359 3886 faeiat,
1399 3811 1556 3897 qualitor
1590 3811 1791 3886 meruerit,
1831 3813 1868 3876 et
1899 3829 1922 3876 a
1959 3829 2028 3896 quo
2067 3810 2179 3897 ipsam

319 3989 441 4038 casam
472 3973 508 4036 et
539 3971 654 4055 ipsum
686 3967 820 4035 atrium
859 3968 990 4034 factum
1026 3966 1149 4044 suerit,
1174 3964 1258 4032 dum
1298 3965 1400 4032 vibus
1435 3967 1570 4042 luerit,
1608 3965 1750 4052 quando
1785 3981 1927 4032 necesse
1965 3964 2102 4040 suerit,
2139 3963 2183 4030 il-

314 4126 375 4192 lud
410 4122 592 4210 cooperire
631 4122 741 4190 saciat
777 4121 870 4190 sicut
905 4120 1090 4188 meruerit.
1136 4119 1182 4188 ad
1216 4119 1352 4188 obitum
1391 4138 1496 4188 suurn
1532 4117 1656 4188 inclita
1692 4119 1939 4208 suprascripta
1983 4117 2179 4186 traditione

316 4281 410 4349 iusta
434 4279 569 4346 ratione
592 4280 705 4356 salva,
730 4279 867 4364 etipsa
891 4279 997 4344 rebus
1019 4279 1134 4352 sorta,
1158 4280 1320 4363 operata,
1345 4277 1437 4345 sicut
1460 4276 1644 4352 meruerit,
1672 4277 1708 4342 et
1731 4275 1809 4362 ipsa
1832 4275 1995 4353 ecclesia,
2020 4279 2057 4343 et
2079 4292 2174 4349 oasa,
2232 4325 2238 4336 .

315 4439 353 4502 et
376 4435 470 4503 atrio
494 4437 609 4502 totum
633 4437 843 4520 coperturn,
883 4432 1027 4520 qualem
1052 4431 1250 4498 meruerit.
1287 4451 1366 4498 cum
1391 4433 1525 4518 quanto
1549 4431 1621 4498 alio
1645 4431 1710 4498 deo
1734 4431 1881 4498 iubante
1906 4429 1961 4497 ibi
1985 4431 2184 4498 accreberit

316 4589 412 4657 iusta
436 4588 588 4666 ratione,
613 4591 715 4656 salva
738 4593 850 4656 totum
875 4585 923 4652 sit
946 4585 984 4653 in
1007 4589 1181 4672 potestate
1206 4603 1285 4652 mea
1308 4589 1345 4652 et
1367 4584 1522 4672 ipsorum
1545 4585 1612 4654 filii
1635 4586 1844 4672 guaimarii,
1872 4587 1908 4651 et
1932 4583 2121 4660 adelberti,
2146 4587 2183 4649 et

315 4745 360 4813 de
383 4743 472 4811 meis
494 4746 532 4810 et
554 4743 699 4809 illorum
724 4740 925 4817 heredibus,
944 4741 1100 4829 qualiter
1123 4737 1293 4806 michi'et
1309 4735 1467 4816 illorum,
1484 4739 1576 4807 sicut
1598 4755 1709 4827 supra
1732 4738 1905 4825 scriptum
1929 4741 1995 4815 est,
2010 4737 2178 4826 pertinet.

319 4901 365 4966 Et
387 4898 497 4966 liceat
519 4898 667 4966 heredes
690 4896 801 4983 ipsius
824 4895 972 4964 iohanni
997 4896 1076 4963 inde
1100 4897 1226 4963 tollere
1250 4894 1413 4964 omnibus
1435 4895 1513 4962 eius
1536 4895 1654 4963 causis
1677 4897 1714 4962 et
1737 4896 1872 4962 iaceret
1902 4894 1946 4962 de
1969 4895 2049 4973 eis,
2086 4895 2178 4982 quod

316 5049 518 5125 voluerint,
544 5051 581 5115 et
602 5067 667 5135 pro
690 5066 794 5115 censo
817 5049 860 5115 de
883 5047 1125 5134 suprascripta
1149 5048 1357 5124 traditione,
1375 5050 1421 5116 ab
1436 5047 1515 5135 ipsa
1537 5047 1744 5116 defuntione
1767 5048 1877 5136 ipsius
1900 5049 2034 5124 abbati,
2063 5067 2175 5134 usquo

312 5202 395 5270 dum
419 5202 495 5289 ipse
518 5201 690 5269 iohannes
713 5200 859 5278 vixerit,
873 5219 938 5287 per
960 5219 1064 5268 omne
1088 5219 1221 5268 annum
1245 5200 1283 5268 in
1304 5220 1411 5287 pasca
1430 5201 1702 5270 resurrectionis
1724 5200 1870 5280 domini,
1888 5203 1924 5269 et
1947 5201 1983 5270 in
2008 5202 2179 5270 nativitas

313 5352 467 5432 domini,
484 5355 522 5420 et
545 5353 582 5419 in
606 5353 684 5439 ipsa
708 5351 901 5420 festivitate
918 5353 1034 5420 sancti
1058 5353 1193 5420 mathei
1208 5371 1270 5440 per
1287 5373 1575 5441 unamquamque
1598 5353 1642 5420 de
1658 5353 1745 5442 ipsis
1762 5355 2016 5424 festivitatibus
2039 5357 2175 5442 dirigat

312 5507 421 5576 michi
447 5508 589 5596 meique
613 5508 803 5577 heredibus
826 5508 897 5576 dua
921 5507 1025 5596 paria
1047 5510 1091 5576 de
1114 5512 1244 5586 oblate,
1272 5511 1308 5575 et
1332 5509 1400 5594 ipsi
1423 5510 1489 5578 lilii
1512 5509 1715 5596 guaimario
1738 5515 1775 5580 et
1799 5510 1884 5579 illus
1908 5509 2099 5598 heredibus
2122 5513 2175 5578 di-

316 5662 414 5749 rigat
437 5681 662 5750 peromnem
688 5681 821 5732 annum
846 5682 910 5749 per
927 5683 1213 5752 unamquamque
1237 5664 1281 5732 de
1298 5663 1384 5750 ipsis
1408 5663 1663 5732 festivitatibus
1685 5683 1795 5733 unum
1819 5665 1961 5752 parium
1984 5667 2027 5734 de
2044 5669 2173 5734 oblato.

311 5820 350 5885 ct
375 5817 460 5904 ipsis
483 5817 550 5884 filii
574 5817 750 5886 adelberti
774 5822 810 5885 et
834 5818 980 5886 illorum
1005 5817 1194 5887 heredibus
1218 5817 1354 5903 dirigat
1379 5835 1443 5902 per
1465 5837 1569 5886 omne
1586 5837 1721 5885 annum
1746 5837 1816 5905 per·
1834 5837 2120 5906 unamquamque
2136 5821 2179 5885 do
