5454 7104
1040 499 1439 576 bletbtltllctts

1086 811 1381 896 MCXXIV

1080 1051 1142 1126 A.
1170 1047 1230 1123 D.
1261 1047 1387 1123 1049

359 1351 387 1444 †
411 1353 451 1420 ln
475 1348 616 1418 nomine
640 1347 773 1417 domiui
797 1347 975 1417 tricesimo
999 1349 1113 1434 primo
1137 1365 1230 1414 auno
1254 1343 1479 1431 principatus
1505 1345 1626 1413 domni
1664 1345 1776 1413 nostri
1799 1345 1993 1432 guaimarii
2017 1346 2170 1432 gloriosi

315 1505 503 1594 principis,
529 1509 566 1574 et
589 1503 773 1572 undecimo
798 1521 891 1572 anno
914 1503 1064 1570 ducatus
1087 1501 1163 1567 eius
1187 1499 1308 1567 amalfi
1331 1502 1368 1565 et
1390 1497 1550 1573 sirrenti,
1569 1503 1605 1564 et
1630 1499 1779 1566 hoctabo
1805 1517 1899 1566 anno
1915 1499 2171 1586 suprascripto-

319 1680 404 1726 rum
429 1658 652 1745 principatus
676 1660 712 1722 et
736 1656 930 1724 ducatuum
955 1653 1074 1721 domni
1098 1651 1211 1720 nostri
1235 1651 1354 1738 gisulfi
1377 1651 1453 1718 eius
1476 1651 1555 1726 filii,
1581 1670 1701 1718 mense
1725 1654 1910 1736 augustus,
1937 1653 2092 1720 secunda
2115 1653 2168 1720 in·

315 1812 485 1881 dictione.
511 1811 799 1879 Memoratorium
824 1810 956 1878 factum
980 1828 1002 1876 a
1025 1806 1125 1876 nobis
1148 1807 1320 1875 iohannes
1344 1810 1379 1874 et
1405 1807 1598 1874 bonifacius
1613 1807 1778 1893 germani
1805 1807 1872 1874 filii
1889 1807 2066 1894 quondam
2092 1827 2168 1875 ma·

315 1967 412 2036 raldi
436 1968 479 2036 de
502 1967 618 2034 locum
642 1965 882 2053 campiliano,
918 1982 958 2030 eo
982 1961 1074 2052 quod
1098 1963 1181 2030 ante
1203 1961 1394 2048 subscripti
1418 1962 1554 2029 idoneis
1579 1963 1685 2028 testes
1709 1960 2020 2028 combenientibus
2042 1961 2088 2028 ad
2111 1965 2164 2028 te-

315 2121 471 2188 nendum
495 2122 531 2186 et
555 2118 789 2186 laborandum
812 2117 963 2185 tradidit
986 2113 1083 2184 nobis
1107 2117 1255 2184 domnus
1290 2114 1463 2183 iohannes
1502 2114 1718 2182 venerabilis
1757 2117 1922 2183 abbatem
1957 2114 2164 2182 monasterii

316 2272 433 2340 sancti
456 2270 579 2370 angeli
601 2273 637 2336 et
659 2273 781 2337 sancte
804 2269 907 2348 solie,
933 2269 994 2358 qui
1016 2269 1211 2337 constructi
1235 2269 1330 2336 intus
1354 2287 1422 2336 auc
1446 2267 1706 2336 salernitanam
1729 2265 1917 2335 civitatem
1943 2267 2163 2354 pertinentes

316 2427 440 2496 domni
464 2425 607 2512 paldoltl
629 2425 794 2510 germani
817 2423 968 2510 predicti
991 2423 1111 2490 domni
1133 2421 1328 2510 guaimarii
1353 2421 1646 2490 excellentissimi
1670 2421 1852 2509 principes
1875 2425 1911 2488 et
1933 2422 2051 2498 duces,
2076 2423 2168 2490 idest

314 2597 390 2647 una
413 2578 571 2646 clusuria
594 2577 637 2645 de
661 2581 760 2644 terra
782 2596 863 2644 cum
887 2576 1044 2644 arbustis
1071 2575 1192 2644 vitatis
1215 2577 1254 2644 iu
1278 2575 1353 2663 ipso
1377 2576 1494 2644 locum
1519 2573 1762 2661 campiliano,
1805 2573 1864 2642 ubi
1887 2573 2054 2641 maiorati
2077 2574 2173 2642 dici-

318 2735 391 2809 tur,
417 2731 509 2820 quod
532 2750 595 2798 nos
618 2731 884 2816 germanicum
908 2729 973 2798 alii
995 2727 1160 2816 germani
1181 2729 1294 2796 nostri
1321 2729 1383 2816 qui
1406 2726 1564 2796 defuncti
1588 2729 1698 2804 sunt,
1723 2726 1767 2794 de
1796 2729 1880 2794 ante
1902 2745 1941 2794 os
1965 2743 2075 2795 anuos
2099 2746 2163 2813 per

315 2887 458 2953 brebem
481 2885 526 2952 ad
549 2883 808 2972 pastenandum
831 2885 867 2948 et
889 2881 1125 2949 laborandum
1148 2899 1421 2967 compreensum
1445 2881 1608 2948 abuimus
1632 2881 1678 2949 da
1701 2881 1862 2967 partibus
1885 2880 2018 2948 exdicti
2041 2901 2161 2972 mona·

312 3039 427 3116 sterii,
452 3039 545 3108 sicut
570 3039 728 3106 eontinet
750 3040 906 3114 brebem,
931 3035 1024 3123 quod
1047 3035 1129 3102 inde
1152 3034 1332 3100 firmatum
1357 3034 1536 3110 abuimus,
1562 3033 1739 3100 scribtum
1764 3051 1829 3120 per
1855 3033 2028 3102 iohannes
2050 3035 2169 3102 scriba

321 3190 483 3270 clericus,
501 3191 540 3258 in
564 3210 632 3278 quo
656 3189 778 3257 testati
801 3190 885 3256 sunt
907 3187 1090 3256 dauferius
1114 3185 1274 3255 notarius
1297 3191 1334 3256 et
1358 3188 1562 3256 romoaldus
1585 3190 1622 3255 et
1647 3205 1766 3255 cosma
1781 3169 1918 3273 grecus,
1937 3184 1996 3275 qui
2024 3187 2093 3255 fuit
2109 3190 2172 3254 ab·

316 3347 397 3412 bate
424 3343 468 3412 de
490 3343 566 3430 ipso
590 3343 832 3420 monasterio,
859 3346 896 3410 et
918 3341 1120 3410 remisimus
1144 3343 1219 3429 ipso
1243 3345 1390 3410 brebem
1414 3343 1454 3412 in
1477 3343 1648 3410 iamdicto
1672 3341 1887 3410 monasterio
1910 3361 1975 3428 pro
1998 3341 2067 3429 ipsi
2090 3361 2172 3428 ger-

313 3497 411 3565 mani
435 3497 576 3576 nostri,
601 3497 662 3585 qui
689 3499 835 3566 fuerunt
858 3496 1043 3573 defuncti,
1068 3500 1105 3563 et
1127 3516 1192 3584 pro
1219 3495 1367 3574 taliter,
1397 3500 1437 3565 ut
1460 3497 1618 3565 diximus
1637 3547 1646 3584 ,
1672 3497 1899 3564 medietatem
1924 3499 1999 3583 ipse
2022 3497 2171 3564 domnus

316 3651 490 3720 iohannes
513 3654 623 3719 abbas
646 3653 729 3720 illut
751 3652 852 3720 nobis
875 3651 1025 3720 tradidit
1048 3669 1112 3737 per
1134 3670 1174 3718 as
1197 3651 1284 3718 fines
1308 3654 1345 3718 et
1369 3671 1568 3720 mensuras:
1585 3652 1629 3720 de
1654 3671 1726 3718 una
1749 3653 1851 3738 parte
1881 3652 1950 3718 fine
1975 3651 2034 3718 via
2058 3652 2172 3738 pupli-

312 3823 369 3880 ea,
397 3805 480 3872 inde
502 3805 597 3892 passi
621 3807 865 3894 quadraginta
887 3806 967 3883 duo;
983 3807 1019 3873 et
1041 3805 1084 3872 de
1108 3805 1180 3872 alie
1204 3805 1320 3872 tribus
1345 3805 1508 3891 partibus
1530 3805 1601 3872 flue
1625 3803 1779 3892 predicti
1803 3805 2023 3872 monasterii:
2040 3804 2084 3872 de
2099 3824 2171 3872 una

314 3959 419 4044 parte
442 3959 525 4025 abet
548 3958 643 4045 passi
668 3929 909 4046 quadraginta
931 3977 1024 4036 sex,
1050 3962 1087 4024 et
1109 3959 1153 4026 de
1177 3958 1286 4025 tertia
1309 3962 1411 4045 parte
1436 3961 1519 4026 abet
1542 3959 1636 4044 passi
1661 3957 1815 4044 triginta
1837 3959 1932 4025 duo:
1977 3958 2020 4026 de
2035 3961 2174 4045 quarta

314 4127 399 4176 vero
424 4113 527 4197 parte
550 4111 715 4179 similiter
738 4113 833 4198 passi
857 4111 921 4180 alii
947 4111 1099 4196 triginta
1123 4112 1191 4179 duo
1216 4111 1414 4178 mensurati
1438 4111 1484 4178 ad
1508 4109 1600 4178 iusto
1624 4127 1779 4196 passum;
1809 4112 1874 4177 hec
1898 4129 1983 4177 vero
2013 4108 2171 4198 predicta

321 4267 425 4332 rebus
449 4283 529 4330 cum
554 4264 709 4332 arbustis
732 4283 796 4351 per
819 4264 886 4332 iste
909 4265 996 4331 fines
1019 4268 1056 4330 et
1079 4283 1244 4332 mensure
1269 4266 1345 4331 tota
1370 4267 1406 4330 et
1430 4262 1557 4332 inclita
1581 4283 1662 4330 cum
1684 4263 1807 4346 omnia
1847 4263 1944 4331 infra
1966 4282 2003 4331 se
2027 4265 2171 4332 abentes

315 4421 457 4486 etcum
481 4417 558 4484 rice
581 4417 624 4485 de
648 4417 707 4485 via
730 4435 796 4484 sua
819 4417 919 4486 nobis
942 4417 1018 4504 ipse
1041 4415 1213 4485 iohannes
1237 4419 1348 4484 abbas
1373 4415 1523 4484 tradidit
1545 4415 1612 4482 tali
1636 4415 1798 4492 hordine,
1817 4418 1856 4482 ut
1879 4415 2002 4483 amodo
2026 4418 2062 4484 et
2076 4416 2172 4484 omni

315 4572 473 4657 tempore
498 4589 560 4638 nos
583 4571 744 4639 iamdicti
766 4572 938 4640 iohannes
961 4573 998 4639 et
1021 4569 1196 4638 vouifacio
1220 4573 1257 4637 et
1280 4569 1413 4638 nostris
1439 4569 1631 4646 eredibus,
1672 4573 1776 4637 natos
1806 4571 2021 4647 nascentes,
2046 4569 2172 4638 inclita

313 4723 563 4811 suprascripta
585 4729 685 4792 curte
708 4743 772 4811 per
796 4723 986 4791 iamdictas
1008 4724 1095 4791 fines
1118 4729 1155 4791 et
1178 4741 1364 4791 mensuras
1390 4727 1509 4790 nostre
1534 4723 1720 4811 potestatis
1747 4728 1871 4792 tenere
1905 4726 1942 4791 et
1975 4723 2170 4801 dominare,
2205 4781 2210 4792 .

313 4881 353 4946 et
377 4881 475 4947 fobee
491 4881 527 4946 et
538 4879 652 4947 omnis
674 4881 795 4946 nostre
819 4878 986 4946 utilitatis
1009 4877 1103 4947 iusta
1117 4879 1291 4946 rationem
1315 4877 1447 4946 ibidem
1472 4879 1650 4956 facere,et
1662 4877 1794 4947 ibidem
1809 4875 1998 4956 abitemus,
2016 4881 2064 4956 et,
2078 4879 2170 4947 unde

317 5033 504 5112 meruerit,
523 5051 661 5119 semper
678 5033 760 5100 illut
782 5033 975 5111 cludamus,
1001 5035 1037 5100 et
1059 5035 1171 5099 totum
1192 5033 1276 5100 illut
1287 5033 1382 5100 iusta
1395 5031 1533 5100 ratione
1557 5031 1696 5101 salbum
1720 5031 1904 5109 faciamus3
1922 5035 1959 5099 et
1980 5032 2172 5119 peremnis

318 5203 457 5251 annum
480 5185 695 5270 temporibus
718 5177 791 5252 su'is
815 5184 898 5252 illut
920 5185 1122 5252 laboremus
1145 5184 1188 5252 de
1210 5203 1318 5273 super
1340 5188 1378 5253 et
1402 5186 1446 5253 de
1472 5190 1607 5263 subter,
1633 5185 1727 5254 sicut
1750 5187 1934 5265 meruerit,
1960 5187 2079 5266 etuti
2104 5209 2174 5256 me-

320 5339 463 5416 ruerit,
503 5342 648 5407 arbores
671 5343 707 5405 et
731 5339 821 5406 vites
843 5358 982 5426 semper
1006 5340 1089 5406 illut
1112 5339 1242 5407 ibidem
1265 5343 1469 5427 plantemus
1503 5345 1539 5408 et
1561 5340 1869 5429 propaginemus,
1907 5345 1946 5410 ut
1968 5362 2032 5430 per
2054 5345 2167 5410 omnis

327 5511 467 5560 annum
491 5495 685 5579 perfectum
709 5497 836 5581 pareat
858 5494 1063 5561 laboratum
1087 5495 1123 5561 et
1145 5495 1333 5570 cultatum,
1358 5493 1451 5560 sicut
1473 5496 1574 5561 locus
1598 5495 1673 5580 ipse
1697 5495 1895 5573 meruerit,
1920 5496 2021 5564 etde
2045 5493 2174 5569 omnia,

332 5646 426 5734 quod
448 5647 580 5715 ibidem
603 5648 909 5724 seminaberimus‚
935 5647 1057 5716 demus
1081 5647 1211 5716 exinde
1235 5649 1282 5718 ad
1307 5665 1393 5736 pars
1409 5647 1521 5735 ipsius
1538 5649 1746 5717 monasterii
1763 5649 1971 5718 terraticum
1987 5651 2179 5719 secundum

339 5802 633 5870 consuetudinem
657 5802 700 5870 de
725 5801 800 5890 ipso
823 5803 956 5879 locum,
981 5807 1017 5868 et
1039 5821 1103 5888 per
1126 5801 1302 5869 vindemie
1325 5821 1390 5889 per
1416 5802 1530 5870 omnis
1554 5821 1688 5870 annum
1712 5801 1884 5870 faciamus
1905 5803 1997 5871 scire
2021 5805 2181 5891 partibus
