5452 7108
620 469 665 542 20
1258 467 1430 540 CODEX
1464 465 1731 541 cullussl

567 662 782 728 tradictionc
806 660 991 728 circuitum
1016 663 1107 728 bona
1130 661 1230 730 clusa
1252 663 1372 728 subtus
1396 664 1433 726 ct
1454 679 1573 745 super,
1599 665 1636 728 et
1658 664 1771 731 totum
1794 666 1926 732 tectum
1950 667 2078 732 bonum
2095 667 2275 751 copertum
2292 670 2422 734 bonum

568 815 707 882 salbum
732 816 964 884 remicterent
988 818 1033 884 ad
1058 819 1267 904 potestatem
1291 818 1328 886 in
1351 839 1435 906 pars
1458 820 1620 887 iamdicti
1635 818 1854 898 monasterii,
1872 817 2066 888 faciendum
2091 822 2184 908 quod
2208 821 2427 892 volucritat

566 967 681 1036 116661
705 965 807 1036 illum
831 973 867 1038 at
890 971 967 1038 eius
990 972 1138 1038 heredes
1162 975 1198 1038 61
1219 972 1379 1052 omines,
1413 993 1482 1060 que
1505 973 1555 1042 ibi
1578 974 1726 1052 miserit,
1752 973 1834 1042 inde
1857 975 1955 1042 exire
1978 993 2059 1042 cum
2082 975 2200 1041 omnia
2223 993 2289 1042 sua
2313 992 2423 1041 causa

568 1121 735 1200 movilia,
761 1125 798 1189 61
821 1123 957 1192 badant
981 1125 1040 1190 ubi
1065 1125 1231 1201 voluerit,
1256 1127 1331 1193 sine
1354 1127 1637 1196 contrarietatem
1664 1179 1893 1196 .......
1919 1130 2012 1195 unde
2036 1147 2100 1214 per
2123 1127 2420 1196 combenientiam

567 1280 701 1367 guadia
725 1280 799 1366 ipsc
822 1281 998 1348 teofilacto
1023 1279 1112 1347 mihi
1136 1277 1216 1348 dedi
1237 1301 1302 1368 per
1324 1283 1580 1352 absolutionem
1605 1285 1804 1372 supradicti
1826 1285 1945 1352 domni
1970 1284 2108 1360 abbati,
2134 1286 2171 1350 et
2194 1281 2425 1351 mediatorem

567 1435 654 1502 mihi
678 1439 778 1522 posui
801 1436 967 1522 seipsum3
991 1438 1028 1501 et
1050 1455 1112 1522 per
1124 1435 1202 1522 ipsa
1218 1434 1352 1522 goradia
1374 1437 1549 1524 obligavit
1564 1457 1601 1507 66
1614 1442 1650 1506 61
1664 1459 1745 1508 suos
1767 1441 1903 1517 eredes,
1922 1440 1968 1507 ud
1980 1439 2009 1506 si
2023 1439 2148 1507 taliter
2172 1436 2291 1504 omnia
2306 1456 2428 1523 supra·

567 1591 703 1678 scripta
725 1595 763 1660 in
786 1592 946 1679 partibus
968 1591 1122 1678 predicti
1145 1593 1351 1661 monasterii
1383 1613 1453 1662 non
1477 1594 1749 1683 adimpleverit,
1786 1599 1822 1662 61
1844 1595 1887 1661 (16
1910 1592 2152 1681 suprascripta
2186 1591 2316 1679 aliquit
2350 1588 2429 1658 inde

568 1743 857 1826 contradixerit,
883 1767 949 1836 per
972 1749 1085 1836 ipsam
1110 1745 1278 1836 guadiam
1301 1751 1477 1836 obligavit
1499 1768 1536 1818 66
1561 1753 1597 1816 61
1618 1769 1699 1818 suos
1721 1751 1844 1818 eredes
1866 1749 1912 1816 ad
1936 1747 2215 1834 componendum
2237 1746 2347 1834 ipsius
2371 1747 2430 1814 do·

569 1905 645 1970 mni
668 1905 816 1980 abbati,
842 1906 900 1970 vel
923 1904 962 1970 iu
985 1922 1070 1990 pars
1094 1903 1253 1970 iamdicti
1277 1905 1509 1984 monasterii,
1546 1907 1695 1994 triginta
1718 1907 1800 1974 auri
1822 1901 1951 1974 solidos
1974 1903 2299 1978 constantinianos3
2337 1901 2429 1988 quod

569 2048 696 2144 scripsi
721 2076 786 2144 ogo
810 2055 971 2126 alderissi
996 2059 1168 2130 notarius

611 2211 637 2301 †
663 2217 737 2300 Ego
762 2211 962 2284 romoaldus
985 2215 1147 2282 notarius
1170 2235 1226 2315 me
1250 2213 1440 2302 subscripsi

615 2365 641 2456 †
667 2370 741 2453 Ego
765 2364 927 2435 alderissi
953 2369 1113 2436 notarius
1137 2387 1193 2435 mc
1216 2364 1418 2453 subscripsi.

1295 2591 1668 2603 --—-—--—-

1387 2875 1629 2954 MLXIX
1684 2902 1686 2910 ’
1721 2911 1726 2922 ·

1354 3125 1414 3199 Α.
1441 3121 1499 3197 D.
1529 3123 1652 3198 1046

612 3297 638 3388 †
664 3298 702 3362 ln
727 3293 869 3362 nomine
893 3294 1027 3361 domini
1050 3290 1216 3360 vicesimo
1241 3309 1333 3356 nono
1356 3309 1449 3358 anno
1473 3289 1696 3376 principatus
1720 3287 1850 3356 salerni
1872 3287 1991 3356 domni
2014 3289 2124 3356 nostri
2148 3289 2342 3375 guaimarii
2357 3285 2431 3376 glo-

570 3450 656 3518 riosi
679 3448 862 3536 principis,
889 3451 925 3515 61
949 3467 1039 3514 nono
1063 3465 1157 3512 anno
1180 3443 1398 3531 principatus
1421 3444 1498 3510 eius
1521 3461 1660 3528 capue,
1694 3445 1732 3509 61
1753 3442 1877 3510 octabu
1901 3461 1993 3508 anno
2016 3441 2165 3510 ducatus
2188 3442 2286 3510 illius
2308 3443 2430 3510 amalfi

568 3606 605 3670 et
632 3603 789 3680 sirrenti,
804 3604 840 3670 61
863 3601 987 3688 quinto
1010 3619 1099 3665 auno
1123 3597 1441 3684 suprascriptorum
1466 3594 1730 3683 principatuum
1746 3597 1784 3662 61
1798 3595 1991 3662 ducatuum
2006 3595 2126 3664 domni
2141 3595 2262 3682 gisulfi
2277 3596 2352 3664 eius
2365 3596 2429 3664 dlii

570 3754 696 3824 exiruii
719 3753 893 3842 principis
909 3757 946 3820 61
969 3753 1080 3829 ducis,
1107 3754 1143 3817 ot
1167 3751 1295 3838 quarto
1319 3769 1411 3816 anno
1434 3748 1582 3816 ducatus
1606 3748 1749 3814 illorum
1765 3749 1884 3834 apulie
1907 3751 1943 3813 ct
1962 3749 2133 3826 calabrie,
2151 3769 2270 3818 mense
2293 3751 2432 3820 decem-

572 3915 646 3985 ber‚
663 3909 929 3997 quintadecima
942 3905 1150 3974 indictione.
1176 3907 1245 3970 Nos
1260 3904 1432 3972 iohannes
1448 3901 1665 3969 atrianensis
1679 3903 1774 3969 filius
1789 3903 1967 3989 quondam
1984 3901 2202 3971 constantini
2218 3902 2431 3972 atrianensis

568 4065 664 4132 filius
688 4063 862 4150 quondam
887 4059 1105 4128 constantini
1129 4059 1354 4142 atrianensis,
1378 4061 1415 4124 et
1439 4058 1569 4124 mulier
1593 4059 1733 4125 nomine
1757 4058 1882 4124 aloara
1903 4053 1973 4124 fllia
1996 4059 2172 4146 quondam
2192 4059 2345 4138 maioni,
2371 4060 2432 4146 qui

570 4237 695 4287 sumus
719 4219 818 4285 ambo
842 4218 898 4283 rir
922 4219 956 4282 61
979 4235 1097 4291 uxor,
1135 4212 1373 4280 clarificamus
1396 4214 1503 4278 abere
1527 4213 1633 4279 rebus
1657 4211 1695 4278 in
1718 4207 1832 4279 locum
1855 4213 1924 4279 iobi
1948 4209 2162 4282 salernitane
2185 4213 2338 4290 finibus,
2372 4215 2432 4282 ubi
2471 4191 2476 4206 ’

571 4369 765 4442 ruscinialu
789 4375 948 4446 uocatur,
974 4373 1011 4436 et
1034 4366 1259 4440 6611161116,
1286 4369 1322 4432 ot
1345 4362 1468 4442 binais,
1493 4368 1530 4432 61
1553 4368 1714 4442 bacuum‚
1740 4369 1776 4433 61
1799 4363 1905 4434 161116
1921 4367 2056 4446 bacilia,
2075 4369 2110 4434 61
2126 4367 2300 4448 6611111616,
2318 4372 2356 4436 61
2372 4387 2429 4435 sa-

570 4531 691 4604 liceta;
709 4529 744 4594 et
766 4543 964 4610 congruum
988 4527 1043 4588 est
1067 4521 1167 4587 nobis
1190 4520 1274 4586 illut
1296 4521 1408 4586 totum
1432 4481 1649 4586 venumdare
1673 4518 1767 4606 sergi
1790 4517 1983 4586 atrianensi
2005 4515 2075 4586 filio
2091 4521 2269 4607 quondam
2293 4541 2432 4591 manso-

571 4681 625 4753 ni:
655 4683 691 4746 61
714 4677 787 4767 ipse
810 4647 905 4763 ’661ὲί
922 4677 1005 4744 illut
1028 4693 1146 4742 emere
1163 4694 1228 4761 pro
1251 4676 1351 4760 parta
1373 4691 1478 4760 gecze
1500 4672 1575 4739 lilia
1599 4671 1775 4758 quondam
1798 4671 1908 4756 sergii
1923 4671 2150 4751 atrianensis,
2176 4693 2244 4760 que
2267 4679 2321 4742 661
2336 4696 2428 4744 uxor

570 4853 635 4902 sua
658 4837 694 4900 61
716 4853 780 4920 pro
804 4837 907 4920 parte
931 4849 1055 4899 ursone
1081 4829 1255 4899 infantem
1277 4828 1350 4896 lilio
1374 4827 1527 4916 ipsorum
1550 4825 2223 4914 6661618666611166616616116
2249 4829 2431 4898 iamdictis

571 4989 746 5057 iohannes
762 4989 798 5051 et
814 4988 950 5064 aloara,
965 4985 1021 5052 uir
1037 4988 1074 5052 61
1088 5005 1191 5062 uror,
1209 5003 1407 5069 congruum
1423 4986 1478 5050 est
1493 4985 1581 5050 bona
1597 4984 1716 5050 nostre
1733 4982 1936 5050 bolumtatis
1951 5002 2016 5070 per
2032 5001 2099 5050 anc
2116 4985 2294 5051 cartulam
2309 5004 2430 5053 coram

578 5143 755 5230 presentia
771 5139 944 5208 ademarii
959 5139 1080 5207 comiti
1098 5141 1134 5205 ct
1149 5121 1283 5214 iudici,-
1294 5156 1359 5224 pro
1382 5139 1484 5224 parte
1500 5137 1656 5223 ipsorum
1678 5154 1782 5223 gecze
1806 5139 1842 5203 et
1865 5155 1943 5204 urso
1960 5135 2136 5204 infantem
2152 5139 2435 5208 venundedimus

573 5295 636 5362 tibi
653 5293 795 5360 eudicto
810 5289 917 5378 sergii
935 5293 1079 5378 integra
1094 5290 1335 5378 suprascripta
1351 5293 1456 5358 rebus
1472 5290 1515 5356 (16
1534 5288 1703 5357 iamdicto
1719 5289 1835 5356 locum
1851 5288 1922 5356 iobi
1938 5289 1982 5356 (16
1998 5291 2171 5376 quantum
2188 5289 2318 5358 ibidem
2334 5293 2433 5360 nobis

575 5445 613 5514 in
629 5446 750 5512 eodem
763 5446 842 5524 ¹loco
859 5448 895 5510 61
910 5465 971 5532 per
987 5443 1081 5523 finis,
1100 5447 1136 5512 61
1152 5445 1324 5510 bocabula
1339 5442 1496 5529 ipsorum
1512 5444 1671 5509 locorum
1686 5461 1746 5528 per
1762 5441 1922 5528 qualibet
1938 5441 2089 5520 ratione,
2108 5461 2171 5508 seu
2188 5443 2432 5529 undecumque

570 5619 654 5666 cum
681 5602 758 5666 tota
781 5604 880 5667 terra
903 5603 939 5666 et
962 5619 1047 5667 casa
1070 5597 1215 5676 fabrita,
1241 5617 1309 5684 que
1332 5597 1427 5664 intro
1450 5597 1536 5684 ipsis
1560 5599 1665 5664 rebus
1689 5599 1754 5673 661,
1780 5598 1817 5662 61
1839 5595 1923 5682 ipsis
1947 5597 2051 5670 rebus
2074 5597 2173 5664 nobis
2196 5598 2355 5666 iamdicti
2378 5600 2434 5668 vir

574 5759 613 5820 ct
639 5773 730 5832 uxor
754 5753 790 5820 in
815 5755 948 5820 sortem
972 5753 1116 5820 obbenit
1140 5771 1162 5818 a
1185 5752 1240 5817 leo
1263 5769 1433 5835 germano
1457 5754 1494 5817 et
1518 5753 1709 5836 congatum
1733 5751 1893 5818 nostrum
1915 5749 1988 5816 filio
2012 5748 2146 5816 exdicti
2171 5750 2316 5827 maioni,
2341 5751 2434 5820 sicut
