5454 7104
963 542 1415 620 diplomaticus
2067 545 2134 618 lla

314 738 410 805 illius
440 739 618 825 quondam
642 740 768 818 leonis,
785 744 822 808 61
845 759 925 808 cum
950 757 1032 806 urso
1055 743 1092 806 et
1114 738 1269 806 iohanne
1294 737 1494 822 gastaldeis
1518 738 1601 805 liliis
1625 738 1802 825 quondam
1826 715 2022 804 iohannaci
2045 737 2187 823 gastal-

312 891 399 968 dei,
426 895 462 958 61
485 912 565 960 curn
588 893 742 960 iohanne
765 893 838 960 lilio
862 891 1039 980 quondam
1062 890 1173 976 sergii
1197 891 1240 958 16
1264 891 1423 978 lupeno,
1463 895 1499 958 et
1522 889 1602 958 eum
1626 893 1776 958 mastalo
1801 891 1872 958 11116
1898 890 2172 998 6666166666-
2191 937 2194 944 ·

313 1044 381 1131 gii,
410 1045 472 1131 qui
496 1045 772 1131 cognominatus
795 1049 850 1112 661
873 1024 1096 1121 6661616116,
1114 1047 1260 1130 propter
1276 1045 1487 1111 intentiones
1511 1063 1598 1132 quas
1614 1043 1709 1111 inter
1731 1063 1769 1110 se
1786 1045 1992 1111 habuerunt
2005 1043 2049 1110 de
2066 1045 2180 1111 rebus

316 1220 440 1267 eorum
466 1200 509 1267 16
534 1201 611 1268 1666
635 1199 760 1276 beteri,
786 1218 831 1266 ex
856 1199 985 1285 quibus
1008 1201 1146 1285 partem
1170 1195 1320 1264 divisam
1345 1199 1501 1272 habent,
1526 1194 1617 1262 sicut
1639 1195 1783 1261 illorum
1807 1195 1953 1261 cartule
1980 1192 2177 1266 continent,

315 1357 454 1440 partem
480 1373 563 1422 vero
591 1354 791 1428 indivisam,
816 1357 853 1420 et
876 1353 966 1420 illud
989 1352 1082 1439 quod
1105 1351 1298 1420 indivisum
1322 1353 1402 1426 est,
1439 1351 1569 1418 devent
1591 1349 1749 1416 dividere
1785 1347 1822 1415 in
1860 1347 2016 1434 quinque
2050 1346 2169 1416 sortis.

314 1509 429 1576 Unam
457 1513 596 1595 partem
619 1528 665 1575 ex
689 1527 730 1576 eo
754 1508 884 1576 devent
909 1507 1034 1576 tollere
1057 1507 1125 1594 ipsi
1150 1507 1322 1576 mastalus
1346 1495 1438 1572 fllius
1464 1504 1654 1578 mansonis,
1680 1509 1716 1570 et
1742 1523 1888 1572 maurus
1911 1502 2004 1569 filius
2027 1501 2175 1611 lupeni,

310 1665 351 1729 61
374 1663 552 1730 16166666
574 1661 669 1728 nlius
694 1661 869 1748 quondam
894 1659 1033 1736 allani,
1059 1662 1096 1726 et
1118 1659 1291 1726 mastalus
1315 1659 1410 1725 filius
1433 1657 1551 1744 gutti:
1577 1659 1615 1725 hi
1638 1676 1759 1725 ornnes
1782 1676 1862 1724 cum
1891 1654 2073 1740 germanis
2096 1655 2152 1723 fra

313 1818 429 1886 tribus
455 1836 590 1892 eorum,
609 1817 671 1902 qui
696 1817 807 1884 nichil
833 1835 878 1883 ex
903 1836 944 1882 eo
969 1816 1136 1892 retinent,
1162 1819 1199 1881 et
1221 1817 1375 1884 alteram
1409 1819 1548 1902 partem
1573 1815 1641 1901 ipsi
1666 1814 1808 1901 sergius
1830 1813 1926 1880 filius
1950 1812 2128 1888 Iohannis,
2146 1793 2183 1878 et

314 1972 486 2038 lohannes
508 1970 602 2036 tilius
626 1970 763 2048 leonis,
789 1973 826 2037 et
849 1973 1002 2038 alteram
1027 1972 1166 2056 partem
1191 1969 1255 2056 ipsi
1281 1989 1384 2038 ursus
1407 1974 1444 2038 et
1467 1971 1635 2038 Iohannis
1658 1969 1868 2056 gastaldei,
1895 1970 1932 2035 et
1955 1969 2066 2035 aliam
2089 1987 2172 2054 par·
2204 2025 2208 2034 .

313 2125 384 2189 tem
409 2125 483 2207 ipse
509 2124 681 2190 lohannes
706 2123 800 2190 111166
823 2122 946 2208 sergii,
972 2117 1009 2188 e't
1032 2121 1137 2189 aliam
1164 2125 1302 2208 partem
1329 2124 1507 2190 mastalus
1530 2119 1629 2188 illius
1653 2120 1768 2206 sergii
1792 2140 1872 2187 cum
1893 2119 2068 2188 'fratribus
2090 2120 2175 2196 suis,

310 2277 350 2342 61
372 2275 414 2342 16
438 2275 512 2360 ipso
536 2275 678 2342 comuni
705 2275 741 2342 hi
768 2275 828 2361 qui
852 2275 935 2360 ¹illut
960 2274 1117 2341 retinent
1138 2277 1365 2361 pastenatum
1402 2277 1548 2341 habent.
1592 2276 1694 2340 Nunc
1720 2273 1841 2339 autem
1880 2272 2045 2339 convenit
2080 2273 2174 2340 inter

309 2445 394 2501 666,
422 2426 469 2493 61
492 2426 530 2493 hi
553 2445 673 2492 omnes
697 2426 937 2512 suprascripti
961 2427 1091 2494 darent
1114 2427 1278 2514 quintam
1304 2431 1445 2514 partem
1469 2445 1514 2493 ex
1540 2427 1624 2512 ipsis
1649 2430 1788 2497 rebus,
1815 2443 1883 2512 que
1905 2424 2056 2491 indivise
2079 2430 2173 2495 sunt,

310 2582 496 2644 eteorum
520 2578 778 2664 heredesipsis
804 2580 969 2654 mastalo,
996 2583 1031 2645 et
1054 2597 1179 2646 mauro
1199 2627 1206 2656 ‚
1234 2582 1271 2646 et
1294 2579 1462 2654 iohanni,
1489 2581 1525 2644 et
1549 2581 1727 2644 mastalo.
1754 2583 1790 2642 61
1814 2577 1961 2644 illorum
1986 2577 2175 2644 heredibus

313 2731 418 2798 iuxta
441 2732 546 2798 finem
571 2749 692 2798 rerum
717 2732 864 2798 ecclesie
888 2735 1010 2799 sancte
1035 2731 1148 2798 marie
1171 2751 1239 2818 que
1267 2733 1318 2798 616
1345 2732 1528 2818 pertinet,
1570 2737 1606 2798 et
1630 2731 1697 2818 ipsi
1721 2750 1841 2798 ornnes
1880 2723 1945 2798 alii
1969 2736 2005 2797 et
2028 2730 2171 2797 illorum

317 2885 466 2951 heredes
490 2886 657 2952 tollerent
679 2889 801 2972 partes
824 2904 906 2953 suas
930 2903 975 2952 ex
1001 2905 1042 2952 eo
1065 2886 1157 2973 quod
1181 2889 1410 2972 pastenatum
1448 2888 1581 2953 habent
1604 2885 1842 2973 unusquisque
1878 2903 1942 2972 per
1980 2887 2170 2954 rationem.

314 3039 360 3136 111
382 3023 461 3106 curn
486 3039 610 3106 taliter
634 3039 718 3106 illut
743 3039 838 3106 inter
861 3058 897 3106 se
922 3039 1074 3107 divisum
1098 3039 1292 3116 abuerint,
1332 3041 1425 3109 sicut
1450 3037 1728 3128 suprascriptum
1753 3045 1833 3117 est,
1875 3041 1930 3108 illi
1966 3045 2002 3108 et
2028 3040 2171 3109 illorum

313 3193 463 3259 heredes
485 3194 628 3260 firment
651 3193 747 3260 inter
768 3212 807 3260 se
831 3193 1010 3260 cartulam
1044 3192 1231 3298 ¹divisionis
1256 3212 1278 3260 a
1301 3195 1445 3280 puplico
1469 3194 1587 3262 scriba
1610 3194 1788 3280 scriptas,
1836 3193 1874 3260 in
1898 3193 2026 3280 quibus
2048 3193 2169 3267 iudex,

310 3349 377 3412 aut
399 3345 516 3413 idonei
538 3347 811 3414 subscribantur
835 3351 942 3414 testes
966 3367 1046 3414 cum
1069 3347 1211 3432 guadiis
1235 3351 1271 3413 61
1295 3347 1556 3414 fideiussoribus
1578 3352 1615 3414 et
1639 3347 1740 3434 penis
1762 3347 2001 3433 obligationis
2024 3348 2067 3414 de
2083 3366 2170 3415 cen·

312 3504 388 3566 turn
412 3501 493 3567 auri
515 3500 643 3567 solidos
668 3501 931 3576 constantinis,
964 3501 1056 3568 sicut
1079 3501 1140 3566 lex
1163 3505 1199 3567 et
1222 3501 1438 3567 consuetudo
1463 3501 1568 3594 istius
1588 3504 1642 3568 est
1664 3503 1835 3570 civitatis.
1862 3503 1917 3570 Sic
1943 3509 2096 3580 tamen,
2123 3503 2168 3570 ud

311 3655 381 3741 ipsi
408 3658 570 3722 ursuset
593 3657 765 3724 16166666
791 3657 980 3742 gastaldei,
1005 3659 1034 3723 61
1062 3655 1262 3732 boluerint,
1289 3661 1325 3722 61
1349 3655 1496 3723 illorum
1522 3657 1670 3724 heredes
1694 3659 1852 3725 habeant
1877 3677 1960 3725 suas
1983 3663 2103 3746 partes
2126 3678 2172 3725 ex

311 3824 352 3872 eo
378 3806 471 3892 quod
493 3796 719 3892 pastenaturn
738 3809 871 3877 habent
894 3811 1001 3876 iuxta
1024 3809 1212 3886 rationem,
1238 3814 1274 3877 et
1296 3811 1472 3878 securiter
1496 3812 1653 3880 habeant
1676 3831 1732 3880 res
1757 3832 1897 3891 eorum,
1912 3834 2000 3900 quas
2023 3819 2169 3901 paratas

312 3958 446 4024 habent
460 3989 473 4036 ,·
494 3959 701 4028 coniunctas
725 3982 804 4029 cum
829 3963 1082 4050 suprascriptis
1106 3967 1237 4042 rebus,
1263 3969 1300 4032 et
1323 3965 1399 4052 ipse
1424 3966 1597 4035 mastalus
1620 3967 1715 4034 filius
1739 3969 1923 4036 mansonis
1947 3969 1985 4035 in
2007 3969 2169 4036 omnibus

307 4112 564 4200 suprascriptis
588 4115 698 4183 166161
721 4135 932 4203 permanere
956 4137 1160 4186 mansonem
1184 4138 1400 4204 germanum
1424 4138 1527 4188 suum
1550 4121 1684 4190 eteius
1710 4122 1870 4198 heredes,
1897 4127 1971 4190 tam
1995 4121 2071 4209 ipse
2095 4142 2169 4190 ma-

307 4269 438 4343 stalus,
464 4286 570 4353 quarn
596 4269 730 4335 eteius
754 4269 903 4336 heredes
927 4271 963 4337 61
987 4270 1062 4357 ipse
1087 4271 1376 4359 iohanneslllius
1400 4273 1516 4342 alfani
1540 4278 1576 4339 et
1599 4274 1675 4341 eius
1700 4275 1848 4343 heredes
1872 4274 1910 4342 in
1933 4276 2097 4348 omnibus
2112 4295 2169 4344 su-

309 4422 520 4508 prascriptis
543 4423 652 4490 166161
674 4443 885 4509 permanere
912 4427 1054 4511 petrum
1078 4429 1114 4492 et
1137 4427 1301 4494 alfanum
1327 4447 1519 4515 germanos
1534 4449 1615 4497 suos
1638 4435 1675 4496 et
1690 4429 1837 4498 illorum
1861 4429 2022 4518 heredes,
2040 4433 2077 4496 61
2093 4449 2167 4498 ma·

305 4575 421 4641 stalus
444 4573 539 4640 nlius
562 4573 672 4660 ipsius
695 4577 812 4660 gutli,
840 4575 902 4661 qui
926 4577 1046 4643 omnia
1070 4597 1138 4664 que
1161 4578 1200 4646 16
1224 4599 1286 4646 666
1311 4583 1492 4648 cartulam
1515 4582 1650 4666 scripta
1673 4583 1709 4647 et
1732 4581 1921 4649 scribenda
1946 4583 2056 4656 sunt,
2082 4581 2165 4649 16611

311 4745 379 4812 per
403 4727 660 4794 absolutionem
685 4727 795 4814 ipsius
819 4727 996 4814 genitoris
1019 4729 1088 4804 sui,
1114 4734 1150 4795 et
1174 4729 1250 4798 eius
1275 4732 1425 4800 heredes
1450 4731 1560 4799 saciat
1575 4731 1612 4798 in
1636 4731 1799 4801 omnibus
1814 4733 2070 4820 suprascriptis
2086 4754 2164 4822 per-

306 4896 455 4945 manere
479 4877 668 4945 iohannem
693 4887 729 4946 61
753 4901 936 4958 maurum,
967 4885 1003 4947 61
1027 4883 1164 4949 leonem
1189 4883 1321 4950 fratres
1345 4901 1439 4960 suos,
1467 4885 1503 4949 et
1525 4861 1673 4950 illorum
1699 4883 1860 4960 heredes,
1885 4888 1921 4951 et
1945 4885 2019 4973 ipse
2042 4891 2165 4956 iohan-

306 5050 369 5098 nes
394 5031 490 5098 filius
513 5033 625 5100 leonis
648 5047 684 5100 et
709 5030 786 5102 6166
813 5037 962 5103 heredes
987 5037 1025 5105 in
1050 5035 1213 5105 omnibus
1238 5039 1492 5125 suprascriptis
1516 5039 1625 5106 166161
1648 5057 1860 5124 permanere
1895 5041 2055 5110 aloaram
2079 5063 2166 5112 uxo-

305 5204 381 5252 rem
407 5203 509 5253 suam
533 5187 668 5254 eteius
692 5188 852 5263 heredes,
871 5191 907 5254 et
931 5189 1000 5274 ipsi
1026 5207 1128 5256 ursus
1151 5193 1188 5256 et
1203 5190 1378 5257 iohannes
1404 5189 1583 5276 gastaldei
1600 5193 1636 5256 61
1651 5192 1806 5261 illorum
1823 5193 1971 5262 heredes
1996 5195 2032 5264 in
2050 5197 2163 5264 omni-

306 5339 371 5404 bus
395 5337 651 5424 suprascriptis
675 5339 785 5407 166161
815 5359 1029 5427 permanere
1054 5342 1303 5427 pantaleonem
1331 5343 1481 5408 fratrem
1505 5363 1625 5412 eorum
1650 5350 1686 5414 et
1710 5348 1813 5416 illius
1837 5335 2003 5424 heredes,
2028 5351 2064 5416 et
2088 5349 2162 5435 ipse

306 5491 484 5559 mastalus
507 5492 603 5560 111166
626 5493 736 5579 sergii
761 5478 797 5562 et
821 5495 898 5563 eius
923 5497 1070 5564 heredes
1093 5496 1132 5564 in
1149 5497 1313 5564 omnibus
1337 5497 1593 5586 suprascriptis
1616 5502 1726 5569 166161
1743 5521 1956 5590 permanere
1971 5503 2159 5572 iohannem

305 5649 344 5711 61
370 5659 574 5714 mansorem
599 5650 635 5714 et
660 5667 780 5716 ursum
806 5651 937 5717 fratres
953 5669 1033 5718 suos
1056 5655 1092 5718 et
1107 5649 1248 5721 illorum
1273 5654 1436 5721 heredes
1464 5657 1508 5721 Et
1532 5675 1596 5744 per
1619 5657 1904 5726 convenientiam
1921 5658 1988 5745 ipsi
2003 5661 2155 5746 sergius,

306 5801 345 5864 et
368 5797 553 5876 iohannes,
579 5805 615 5867 et
639 5803 823 5881 mastalus,
838 5809 873 5869 et
890 5823 1047 5880 maurus,
1066 5809 1102 5871 61
1126 5805 1298 5874 iohannes
1322 5811 1358 5873 et
1389 5811 1562 5876 mastalus
1586 5809 1720 5895 guadia
1736 5810 1821 5899 ipsis
1837 5831 1920 5880 urso
1943 5815 1980 5879 61
1994 5812 2161 5880 iohannis
