5454 7104
1037 495 1444 574 orruousmcus
1519 588 1524 599 ,
2072 501 2138 584 125

340 689 461 777 qualis
485 690 684 768 meruerit,
725 690 895 760 remidtat
916 689 963 758 ad
985 708 1070 778 pars
1092 690 1204 778 ipsius
1226 694 1400 779 prephato
1423 692 1667 792 monasterio,
1693 694 1894 764 faciendum
1919 694 2050 763 exinde
2073 696 2194 764 omnia

339 845 434 934 quod
460 847 627 914 uoluerit.
667 849 715 914 De
738 865 810 936 qua
833 865 897 934 per
919 845 1182 916 combenicntia
1203 847 1338 934 guadia
1360 847 1451 916 mihi
1473 847 1549 936 ipse
1573 849 1802 936 supradictus
1836 851 1974 920 cicerus
2008 851 2107 920 dedit
2130 871 2194 939 per

336 997 561 1068 absolutione
583 998 781 1087 supradicti
804 998 962 1085 genitori
985 1017 1075 1076 suo,
1109 1003 1146 1066 et
1175 999 1453 1069 fidemiussorem
1477 1000 1566 1070 mihi
1600 1004 1718 1090 posuit
1739 1003 1921 1092 seipsum;
1957 1008 1994 1073 et
2028 1023 2093 1092 per
2116 1005 2195 1091 ipsa

333 1154 471 1238 guadio
492 1154 668 1242 obligavit
690 1173 729 1223 se
751 1157 788 1222 et
810 1154 885 1223 suis
907 1153 1086 1232 eredibus3
1111 1155 1205 1242 quod
1227 1155 1258 1222 si
1282 1155 1407 1224 taliter
1428 1160 1494 1224 etc.
1512 1157 1660 1226 Stutnta
1684 1160 1821 1228 mulcta
1848 1160 1980 1244 uiginti
2001 1161 2090 1227 anan
2115 1161 2197 1227 soli-

332 1307 469 1374 dorum
495 1307 738 1374 Constantini.
764 1305 862 1384 Quod
884 1306 1013 1393 scripsi
1035 1325 1101 1394 ego
1125 1309 1247 1394 petrus
1271 1308 1448 1394 presbiter
1470 1313 1506 1376 et
1529 1309 1699 1378 notarius.
2084 1257 2088 1266 ι

382 1460 410 1550 †
435 1465 509 1547 Ego
532 1461 674 1528 amatus
697 1461 874 1547 presbiter

377 1613 404 1704 †
431 1616 505 1700 Ego
531 1615 702 1682 iohannes
725 1613 901 1702 presbiter

376 2509 403 2600 †
429 2511 726 2579 Summanum»

379 2665 476 2731 Nono
500 2682 594 2732 anno
616 2664 758 2752 imperii
783 2663 1019 2742 Constantini,
1046 2681 1166 2731 mense
1190 2667 1397 2744 Februario,
1424 2666 1532 2734 tertia
1557 2666 1764 2734 indictione.
1941 2763 1943 2770 y

372 2818 512 2886 Oblatio
535 2817 660 2886 domus
682 2821 717 2886 et
739 2821 860 2886 terrae
883 2819 921 2888 in
944 2817 1120 2887 Comitatu
1144 2819 1316 2888 Luceriae
1339 2821 1435 2888 facta
1458 2820 1629 2888 ecclesiae
1652 2821 1703 2888 Ss.
1720 2821 1966 2908 Apostolorum
1979 2818 2137 2905 Philippi
2154 2823 2190 2884 et

337 2971 453 3039 lacobi
476 2991 499 3039 a
522 2973 654 3040 Potone
676 2973 750 3040 lilio
774 2972 962 3040 Ameliridi
985 2977 1023 3042 et
1046 2993 1159 3041 uxore
1181 2973 1271 3041 eius.

380 3125 489 3192 Finis
505 3129 670 3193 tentus»

330 3283 370 3348 ut
392 3277 607 3367 quicumque
629 3280 786 3366 haliquit
808 3279 852 3348 de
877 3300 952 3348 rem
975 3281 1111 3358 istam,
1145 3299 1252 3368 quarn
1275 3282 1340 3350 deo
1364 3287 1402 3351 et
1424 3283 1542 3351 sancti
1566 3283 1717 3370 apostoli
1742 3282 1975 3358 offeruimus,
2016 3283 2062 3350 ad
2086 3301 2189 3350 usum

329 3451 438 3502 suum
463 3435 590 3502 tollere
613 3434 796 3514 boluerit,
822 3434 894 3504 siat
916 3437 1198 3512 anathematus,
1224 3437 1367 3505 binculo
1392 3437 1575 3513 nudatus,
1601 3435 1762 3523 perditus
1785 3439 1822 3504 et
1844 3435 2049 3505 halienatus
2072 3437 2111 3505 in
2132 3435 2196 3530 die·

326 3590 460 3658 domiui
483 3589 598 3668 ihesu,
616 3593 723 3694 abeat
745 3595 885 3678 partem
909 3611 990 3658 cum
1013 3591 1149 3659 dathan
1173 3593 1210 3658 et
1233 3589 1386 3658 habiron
1409 3592 1446 3658 et
1468 3590 1553 3657 socii
1577 3590 1667 3666 eius,
1685 3591 1747 3678 qui
1770 3609 1851 3658 cum
1875 3609 2003 3677 corpus
2026 3593 2063 3656 et
2085 3591 2189 3659 hani-

327 3764 383 3814 me
406 3746 602 3814 descendat
623 3745 662 3812 in
685 3745 877 3824 infernum,
903 3750 940 3814 et
962 3749 1102 3834 partem
1126 3747 1259 3812 babeat
1281 3763 1361 3812 cum
1386 3743 1476 3812 iuda
1499 3743 1668 3812 traditori
1690 3743 1826 3812 domini
1859 3747 1897 3812 et
1929 3745 2095 3829 magistri
2117 3748 2185 3816 sui,

325 3899 537 3970 Maledictus
560 3919 644 3968 vero
667 3896 737 3968 siat
759 3919 782 3968 a
805 3903 957 3968 trecenti
982 3900 1104 3968 decem
1128 3903 1165 3967 et
1187 3901 1291 3967 hocto
1329 3901 1463 3986 patres.
1500 3899 1717 3985 Segregatus
1740 3917 1824 3966 vero
1846 3901 1910 3968 flat
1943 3919 1966 3968 a
2000 3920 2127 3988 corpus
2150 3907 2187 3970 et

324 4055 506 4139 sanguine
529 4055 664 4124 domini
687 4055 801 4124 nostri
823 4055 925 4124 ihesu
949 4053 1103 4132 christi,
1142 4055 1314 4121 extorren
1337 4055 1374 4120 et
1396 4052 1584 4121 alienatus
1607 4056 1652 4120 ab
1676 4052 1841 4140 ingressu
1876 4053 1914 4121 in
1936 4055 2182 4124 ecclesiarum.

326 4211 373 4275 Et
398 4209 613 4298 quicumque
637 4211 779 4279 adiutor
801 4207 866 4276 deo
889 4211 926 4275 et
947 4207 1063 4277 sancti
1087 4207 1238 4294 apostoli
1263 4208 1400 4276 eteius
1424 4207 1603 4276 hecclesia
1625 4208 1790 4285 steterit,
1828 4209 1949 4277 bideat
1981 4211 2184 4282 claritatem

327 4362 389 4432 dei
413 4383 494 4436 cum
519 4367 670 4435 helectis
694 4366 770 4432 eius
794 4367 831 4432 et
853 4364 925 4432 siat
947 4365 1047 4450 digni
1072 4363 1198 4431 audire
1221 4381 1366 4430 causam
1390 4382 1413 4430 a
1435 4363 1587 4433 dextera
1609 4362 1716 4450 positi
1740 4365 1836 4431 sunt:
1862 4362 1981 4430 benite
2008 4333 2184 4434 benedicti

324 4524 445 4610 patres
469 4521 567 4600 meis,
593 4520 768 4607 percipite
792 4538 953 4608 regnum,
971 4517 1064 4606 quod
1088 4516 1186 4586 bobis
1210 4519 1376 4605 paratum
1401 4525 1455 4584 est
1477 4519 1523 4584 ab
1546 4516 1724 4604 originem
1748 4518 1885 4598 mundi3
1910 4519 2043 4587 habeat
2065 4540 2129 4606 pro
2144 4539 2182 4588 se

334 4676 436 4745 modo
459 4679 496 4744 et
518 4675 845 4750 interbenientem‚
882 4676 920 4740 et
942 4673 980 4740 in
1003 4673 1124 4740 futuro
1148 4671 1207 4738 dei
1230 4672 1407 4756 genitrice
1431 4671 1545 4739 marie
1568 4690 1779 4760 semperque
1803 4672 1979 4760 birginem
2002 4675 2039 4740 et
2061 4693 2182 4742 omnes

324 4833 466 4898 sanctos
489 4831 663 4916 hangelos
687 4831 724 4896 et
738 4826 888 4915 apostoli
911 4825 980 4903 dei,
999 4827 1039 4893 ut
1059 4845 1123 4912 pro
1138 4843 1261 4894 eorum
1285 4825 1417 4894 merita
1433 4825 1639 4894 intercessio
1662 4826 1711 4894 sit
1733 4827 1889 4895 absoluti
1911 4830 1958 4895 ab
1972 4828 2068 4895 omni
2085 4847 2180 4896 nexu

326 4986 491 5071 peccati;
517 4985 649 5052 ethan
672 4982 851 5049 cartulam
874 4979 1070 5048 offertionis
1092 4979 1189 5046 omni
1214 4981 1372 5066 tempore
1395 4980 1538 5047 firmum
1561 4984 1599 5052 et
1620 4981 1815 5059 stabilem,
1842 4999 1947 5069 quem
1971 4985 2007 5048 te
2030 4981 2181 5050 adelferi

327 5141 506 5210 notarium
530 5143 605 5208 han
627 5139 804 5205 cartulam
829 5137 948 5204 nostre
970 5135 1167 5204 offertionis
1190 5135 1347 5203 scribere
1372 5135 1604 5222 rogabimus,
1638 5135 1761 5223 quiet
1786 5137 1964 5208 interluit.
1990 5138 2118 5206 Actum
2143 5140 2179 5206 in

329 5293 478 5362 civitate
501 5293 640 5362 luceria
662 5291 855 5360 indictione
878 5289 1043 5358 feliciter.

372 5445 399 5538 †
425 5448 499 5533 Ego
522 5446 678 5516 iohanne
701 5444 810 5512 iudex

367 5601 395 5692 †
419 5605 493 5688 Ego
516 5601 604 5689 gilio
629 5604 718 5668 teste

365 5747 765 5848 †Qmffim.
