5452 7108
959 491 1380 588 nr'ruourrrcus
2034 515 2077 588 m

279 707 403 776 eredes
425 725 635 794 componere
658 705 767 774 michi
790 705 930 793 meique
952 707 1116 775 eredibus
1138 709 1280 775 centum
1304 708 1385 776 auri
1401 709 1531 777 solidos
1553 707 1869 786 constantinianas,
1887 711 1924 776 et
1946 708 1984 776 in
2007 727 2131 797 supra-

275 863 412 950 scripta
435 863 607 930 divisione
630 861 691 928 ille
704 863 741 928 et
762 879 843 928 suos
865 859 988 928 eredes
1002 879 1140 928 mecum
1163 863 1293 928 etcum
1315 861 1404 929 meis
1428 857 1591 929 eredibus
1613 861 1765 930 firmiter
1782 879 2006 948 permanere.
2038 864 2131 950 quod

274 1017 404 1104 scripsi
427 1036 494 1104 ego
516 1019 639 1104 petrus
662 1015 833 1083 notarius.

324 1172 352 1261 †
376 1173 451 1258 Ego
474 1169 634 1240 ademari
657 1169 818 1238 notarius
841 1187 898 1236 me
919 1167 1111 1255 subscripsi

321 1325 350 1416 †
374 1328 449 1414 Ego
471 1325 618 1394 ioannes
640 1343 697 1392 me
719 1324 924 1411 subscripsi.

1052 2094 1377 2186 MLXXXV

1053 2546 1114 2622 A.
1141 2544 1199 2620 D.
1226 2547 1352 2622 1047

320 2843 347 2935 †
371 2845 413 2912 In
438 2843 580 2912 nominc
602 2842 734 2911 domini
757 2841 925 2912 vicesimo
949 2861 1039 2912 nono
1062 2861 1155 2910 anno
1179 2842 1401 2929 principatus
1424 2841 1544 2909 domni
1561 2841 1675 2910 nostri
1688 2841 1882 2928 guaimarii
1894 2847 1928 2912 et
1950 2845 2024 2911 dux
2036 2845 2135 2913 illius

283 2998 417 3074 amalfi,
438 2999 475 3063 ct
497 2999 624 3064 octabu
648 3015 742 3065 anno
765 2995 915 3065 ducatus
937 2995 1014 3064 eius
1035 2995 1195 3073 sirrenti,
1220 2999 1257 3062 et
1278 2999 1380 3064 sexto
1404 3013 1502 3064 anno
1525 2995 1848 3084 suprascriptorum
1871 2997 2135 3086 principatuum

286 3156 323 3218 et
346 3151 539 3220 ducatuum
563 3151 682 3218 domni
705 3151 818 3220 nostri
840 3151 960 3238 gisulfi
982 3151 1107 3218 eximii
1129 3149 1229 3217 ducis
1251 3150 1316 3218 dlii
1340 3152 1443 3228 eim,
1478 3169 1598 3218 mense
1623 3151 1746 3230 Iulius,
1761 3151 2024 3239 quintadecima
2047 3153 2139 3220 indi·

282 3304 419 3372 ctione.
444 3281 733 3374 Membratorium
757 3307 889 3374 sactum
913 3325 936 3374 a
959 3325 1015 3374 me
1038 3303 1128 3374 miro
1151 3305 1373 3374 iudicefllius
1389 3306 1566 3391 quondam
1590 3305 1746 3373 mirandi
1758 3305 1976 3385 subdiaconi,
1989 3327 2030 3375 eo
2046 3309 2138 3395 quod

275 3464 370 3528 ante
393 3457 581 3548 subscripti
597 3462 704 3528 testes
726 3479 791 3546 per
813 3457 1072 3528 combcnientia
1095 3458 1245 3526 tradidit
1259 3459 1352 3526 mari
1368 3459 1560 3550 calzolario
1583 3456 1655 3527 filio
1682 3460 1860 3547 quondam
1875 3460 2018 3529 martini
2034 3481 2141 3548 quac-

277 3619 360 3684 tuor
389 3615 489 3703 pecie
512 3616 555 3684 de
579 3617 678 3696 terra
701 3633 773 3682 una
795 3633 875 3682 cum
891 3617 1076 3682 arbustum
1100 3615 1137 3680 et
1159 3613 1230 3681 alie
1253 3633 1333 3680 cum
1358 3614 1634 3692 abellanietum,
1649 3614 1742 3701 quod
1766 3617 1852 3682 abeo
1877 3614 1914 3682 in
1929 3616 2140 3702 locumdoc-

272 3789 428 3847 canum,
453 3770 514 3839 ubi
536 3773 752 3840 camminata
774 3773 811 3838 et
833 3770 879 3838 ad
901 3769 1122 3855 palmentum
1145 3771 1305 3836 vocatur:
1330 3769 1452 3854 prima
1474 3769 1576 3854 pecia
1611 3788 1697 3836 cum
1721 3771 1866 3836 arbusto
1901 3771 1937 3836 et
1966 3769 2138 3856 pomifera

278 3944 347 4012 per
372 3943 412 3992 as
434 3924 542 3992 finis:
568 3943 591 3991 a
613 3923 864 3992 sebtemtrione
885 3923 956 3990 tine
979 3921 1038 3990 via
1061 3918 1229 4008 publica3
1255 3925 1404 4008 aparte
1427 3922 1578 3991 orientis
1605 3923 1675 3990 fine
1698 3922 1916 4010 grimoaldi3
1949 3943 1967 3992 a
1990 3925 2137 3992 meridie

284 4081 353 4148 tine
377 4080 555 4157 lamverti,
573 4082 610 4146 et
632 4079 775 4146 exiente
798 4079 837 4146 in
858 4078 928 4145 tine
950 4078 993 4145 de
1017 4076 1139 4146 eredes
1162 4077 1316 4165 iaquinti
1339 4077 1388 4146 da
1410 4079 1584 4165 copercle.
1618 4081 1750 4146 Iterum
1774 4081 1980 4148 rebolbente
2002 4080 2039 4147 in
2055 4101 2139 4168 pars

277 4233 480 4301 occidentis
503 4252 567 4320 per
590 4232 713 4300 eadem
736 4232 805 4298 dne
829 4231 939 4319 ipsius
962 4230 1116 4320 iaquinti
1139 4250 1250 4318 usque
1273 4233 1319 4300 ad
1331 4231 1409 4319 ipsa
1432 4231 1493 4300 via
1515 4231 1639 4322 priora
1659 4234 1742 4302 fine:
1772 4236 1928 4304 secunda
1942 4235 2043 4324 pecia
2058 4255 2138 4304 cum

285 4386 544 4456 abellanietum
567 4404 632 4473 per
655 4405 695 4454 ec
718 4386 799 4453 finis
821 4387 858 4452 ct
872 4404 1070 4456 mensuras:
1088 4406 1110 4455 a
1132 4390 1235 4474 parte
1257 4389 1522 4458 sebtembrionis
1550 4391 1620 4458 fine
1633 4391 1693 4459 via
1708 4391 1852 4478 publica
1866 4393 2041 4472 staviana,
2058 4391 2142 4462 inde

290 4539 385 4626 passi
408 4539 566 4620 sidecim:
591 4556 614 4605 a
637 4556 721 4624 pars
743 4537 891 4606 orientis
913 4538 982 4606 dne
1004 4539 1048 4606 de
1071 4540 1194 4607 eredes
1217 4541 1324 4620 leoni,
1351 4545 1413 4630 qui
1437 4544 1626 4613 dicebatur
1650 4545 1693 4614 de
1717 4548 1848 4626 abella,
1866 4547 1948 4614 inde
1970 4550 2054 4616 sunt
2068 4548 2144 4614 lon·

280 4691 336 4778 git
350 4691 419 4760 udo
441 4691 537 4779 passi
561 4691 802 4778 quadraginta
826 4693 999 4779 quactuor
1021 4694 1058 4760 et
1079 4693 1252 4774 medium;
1278 4716 1300 4764 a
1323 4697 1472 4766 meridie
1494 4699 1563 4766 fine
1590 4698 1633 4766 de
1657 4699 1780 4768 eredes
1803 4700 1962 4768 ferrandi
1985 4701 2067 4768 inde
2089 4701 2142 4767 la-

280 4843 396 4922 titudo
420 4843 517 4932 passi
542 4843 686 4912 sidecim
710 4847 747 4911 et
768 4845 874 4931 pedes
898 4847 1071 4932 quactuor
1104 4849 1142 4914 et
1163 4851 1313 4937 planta;
1352 4871 1375 4920 a
1412 4856 1515 4941 parte
1550 4853 1743 4923 occidentis
1777 4855 1847 4924 fine
1875 4873 2010 4943 suaque
2033 4856 2138 4935 mari,

278 4997 379 5082 sicut,
393 4999 578 5066 clusamen
601 4998 807 5079 dixcernit3
843 5001 926 5070 inde
959 5020 997 5070 se
1031 5001 1268 5090 coniungente
1302 5004 1341 5072 in
1375 5005 1457 5094 ipsa
1480 5007 1602 5093 priora
1636 5008 1706 5076 dne
1741 5027 1805 5096 per
1838 5009 1914 5096 ipso
1948 5010 2062 5077 latere
2094 5009 2138 5078 de

277 5150 593 5240 longitudopassi
617 5154 892 5242 quinquaginta,
909 5158 946 5224 et
967 5176 1032 5244 per
1056 5157 1257 5226 trabersum
1287 5161 1341 5228 est
1370 5160 1525 5228 latitudo
1549 5161 1627 5248 ipsa
1650 5165 1750 5231 terra
1779 5163 1875 5252 passi
1904 5162 2049 5233 sidecim
2072 5163 2138 5232 mi·

278 5327 351 5377 nus
375 5309 533 5377 cubitum
557 5328 667 5376 unum
690 5311 727 5376 et
741 5312 866 5397 planta
900 5331 984 5380 una.
1020 5313 1130 5382 tertia
1163 5315 1265 5402 pecia
1299 5315 1342 5383 de
1377 5317 1416 5384 la
1448 5317 1668 5384 camminata
1704 5321 1741 5385 et
1774 5321 1957 5406 palmentu
1987 5319 2130 5398 dicitur,

275 5465 337 5529 est
359 5481 424 5549 per
446 5463 528 5531 tinis
551 5465 587 5530 et
609 5483 808 5533 mensuras:
833 5467 1119 5534 asebtemtrione
1141 5467 1212 5535 tine
1235 5468 1294 5538 via
1308 5469 1465 5558 publica,
1494 5470 1583 5539 inde
1606 5473 1701 5560 passi
1725 5475 1871 5554 sebtem3
1889 5492 2010 5560 apars
2024 5475 2141 5544 orien-

279 5617 326 5684 tis
349 5619 419 5686 tine
443 5621 550 5687 rebus
573 5604 852 5709 archiepiscopis
874 5619 1104 5702 salernitane,
1129 5621 1212 5690 inde
1235 5627 1318 5692 abet
1340 5625 1435 5712 passi
1458 5625 1672 5718 sexsaginta
1695 5631 1921 5715 quactuoma
1943 5633 2045 5718 parte
2068 5650 2140 5698 me-

282 5773 375 5845 ridie
399 5779 468 5847 dne
492 5783 654 5864 tuaque,
692 5781 774 5850 inde
797 5781 892 5868 passi
914 5783 1005 5848 octa:
1030 5799 1048 5847 a
1072 5799 1156 5871 pars
1178 5781 1372 5850 occidentis
1394 5783 1463 5850 fine
1486 5783 1530 5852 de
1553 5781 1677 5850 eredes
1700 5783 1800 5865 ursi,
1837 5782 1920 5854 inde
1943 5786 2039 5871 passi
2061 5803 2143 5852 sex--
