<?xml version="1.0" encoding="UTF-8"?>
<!DOCTYPE html PUBLIC "-//W3C//DTD XHTML 1.0 Transitional//EN"
    "http://www.w3.org/TR/xhtml1/DTD/xhtml1-transitional.dtd">
<html xmlns="http://www.w3.org/1999/xhtml" xml:lang="en" lang="en">
 <head>
  <title>
</title>
<meta http-equiv="Content-Type" content="text/html;charset=utf-8" />
  <meta name='ocr-system' content='tesseract 3.04.00' />
  <meta name='ocr-capabilities' content='ocr_page ocr_carea ocr_par ocr_line ocrx_word'/>
</head>
<body>
  <div class='ocr_page' id='page_1' title='image "./codexdiplomatic01aragoog_0140.png"; bbox 0 0 5454 7104; ppageno 0'>
   <div class='ocr_carea' id='block_1_1' title="bbox 631 521 1756 608">
    <p class='ocr_par' dir='ltr' id='par_1_1' title="bbox 631 521 1756 608">
     <span class='ocr_line' id='line_1_1' title="bbox 631 521 1756 608; baseline -0.005 -8"><span class='ocrx_word' id='word_1_1' title='bbox 631 527 701 608; x_wconf 80' lang='lat' dir='ltr'>lul</span> <span class='ocrx_word' id='word_1_2' title='bbox 1291 521 1468 596; x_wconf 85' lang='lat' dir='ltr'>CODEX</span> <span class='ocrx_word' id='word_1_3' title='bbox 1498 522 1756 596; x_wconf 79' lang='lat' dir='ltr'>ulvuusls</span> 
     </span>
    </p>
   </div>
   <div class='ocr_carea' id='block_1_2' title="bbox 506 717 2436 4210">
    <p class='ocr_par' dir='ltr' id='par_1_2' title="bbox 506 717 2436 4210">
     <span class='ocr_line' id='line_1_2' title="bbox 579 717 2430 809; baseline 0.001 -21"><span class='ocrx_word' id='word_1_4' title='bbox 579 722 640 809; x_wconf 91' lang='lat' dir='ltr'>qui</span> <span class='ocrx_word' id='word_1_5' title='bbox 663 720 795 788; x_wconf 89' lang='lat' dir='ltr'>dicitur</span> <span class='ocrx_word' id='word_1_6' title='bbox 817 719 1005 805; x_wconf 85' lang='lat' dir='ltr'>cacalupu,</span> <span class='ocrx_word' id='word_1_7' title='bbox 1030 721 1067 786; x_wconf 91' lang='grc' dir='ltr'><strong>θῖ</strong></span> <span class='ocrx_word' id='word_1_8' title='bbox 1089 717 1234 786; x_wconf 84' lang='lat' dir='ltr'>lacobus</span> <span class='ocrx_word' id='word_1_9' title='bbox 1259 717 1448 804; x_wconf 74' lang='lat' dir='ltr'>presbiter,</span> <span class='ocrx_word' id='word_1_10' title='bbox 1474 721 1519 784; x_wconf 88' lang='lat' dir='ltr'>Et</span> <span class='ocrx_word' id='word_1_11' title='bbox 1541 717 1770 788; x_wconf 82' lang='lat' dir='ltr'>medietatem</span> <span class='ocrx_word' id='word_1_12' title='bbox 1797 725 1895 785; x_wconf 84' lang='lat' dir='ltr'>terra</span> <span class='ocrx_word' id='word_1_13' title='bbox 1917 739 1998 786; x_wconf 86' lang='lat' dir='ltr'>cum</span> <span class='ocrx_word' id='word_1_14' title='bbox 2022 718 2224 788; x_wconf 85' lang='lat' dir='ltr'>abellaneto</span> <span class='ocrx_word' id='word_1_15' title='bbox 2244 769 2430 790; x_wconf 88' lang='grc'><strong>.......</strong></span> 
     </span>
     <span class='ocr_line' id='line_1_3' title="bbox 506 823 2433 964; baseline -0.002 -18"><span class='ocrx_word' id='word_1_16' title='bbox 506 823 509 830; x_wconf 26' lang='lat'>¹</span> <span class='ocrx_word' id='word_1_17' title='bbox 576 897 684 964; x_wconf 89' lang='lat' dir='ltr'>quam</span> <span class='ocrx_word' id='word_1_18' title='bbox 708 877 806 943; x_wconf 88' lang='lat' dir='ltr'>tenet</span> <span class='ocrx_word' id='word_1_19' title='bbox 829 893 932 942; x_wconf 89' lang='lat' dir='ltr'>ursus</span> <span class='ocrx_word' id='word_1_20' title='bbox 956 873 1051 942; x_wconf 84' lang='lat' dir='ltr'>nlius</span> <span class='ocrx_word' id='word_1_21' title='bbox 1074 874 1234 952; x_wconf 83' lang='lat' dir='ltr'>riconis,</span> <span class='ocrx_word' id='word_1_22' title='bbox 1271 891 1339 961; x_wconf 90' lang='lat' dir='ltr'>que</span> <span class='ocrx_word' id='word_1_23' title='bbox 1363 891 1386 940; x_wconf 89' lang='lat' dir='ltr'>a</span> <span class='ocrx_word' id='word_1_24' title='bbox 1408 875 1512 960; x_wconf 84' lang='lat' dir='ltr'>parte</span> <span class='ocrx_word' id='word_1_25' title='bbox 1535 871 1798 960; x_wconf 77' lang='lat' dir='ltr'>septemtrionis</span> <span class='ocrx_word' id='word_1_26' title='bbox 1831 875 1869 940; x_wconf 92' lang='grc' dir='ltr'><strong>θῖ</strong></span> <span class='ocrx_word' id='word_1_27' title='bbox 1890 872 2037 940; x_wconf 90' lang='lat' dir='ltr'>orientis</span> <span class='ocrx_word' id='word_1_28' title='bbox 2071 872 2116 940; x_wconf 86' lang='lat' dir='ltr'>ad</span> <span class='ocrx_word' id='word_1_29' title='bbox 2140 872 2217 942; x_wconf 88' lang='lat' dir='ltr'>vias</span> <span class='ocrx_word' id='word_1_30' title='bbox 2240 871 2433 944; x_wconf 88' lang='lat' dir='ltr'>coniuncta</span> 
     </span>
     <span class='ocr_line' id='line_1_4' title="bbox 575 1027 2431 1117; baseline -0.001 -18"><span class='ocrx_word' id='word_1_31' title='bbox 575 1039 642 1099; x_wconf 90' lang='lat' dir='ltr'>est.</span> <span class='ocrx_word' id='word_1_32' title='bbox 668 1034 713 1097; x_wconf 88' lang='lat' dir='ltr'>Et</span> <span class='ocrx_word' id='word_1_33' title='bbox 736 1031 962 1098; x_wconf 88' lang='lat' dir='ltr'>medietatem</span> <span class='ocrx_word' id='word_1_34' title='bbox 987 1027 1030 1102; x_wconf 86' lang='lat' dir='ltr'>dc</span> <span class='ocrx_word' id='word_1_35' title='bbox 1054 1029 1129 1098; x_wconf 81' lang='lat' dir='ltr'>alia</span> <span class='ocrx_word' id='word_1_36' title='bbox 1152 1028 1291 1116; x_wconf 89' lang='lat' dir='ltr'>peciola</span> <span class='ocrx_word' id='word_1_37' title='bbox 1315 1039 1440 1107; x_wconf 88' lang='lat' dir='ltr'>vacua,</span> <span class='ocrx_word' id='word_1_38' title='bbox 1455 1048 1563 1115; x_wconf 87' lang='lat' dir='ltr'>quam</span> <span class='ocrx_word' id='word_1_39' title='bbox 1585 1029 1661 1115; x_wconf 87' lang='lat' dir='ltr'>ipse</span> <span class='ocrx_word' id='word_1_40' title='bbox 1684 1046 1788 1097; x_wconf 89' lang='lat' dir='ltr'>ursus</span> <span class='ocrx_word' id='word_1_41' title='bbox 1812 1029 2009 1116; x_wconf 74' lang='lat' dir='ltr'>tenetque</span> <span class='ocrx_word' id='word_1_42' title='bbox 2032 1048 2054 1096; x_wconf 85' lang='lat' dir='ltr'>a</span> <span class='ocrx_word' id='word_1_43' title='bbox 2076 1032 2180 1117; x_wconf 88' lang='lat' dir='ltr'>parte</span> <span class='ocrx_word' id='word_1_44' title='bbox 2203 1030 2367 1098; x_wconf 88' lang='lat' dir='ltr'>meridiei</span> <span class='ocrx_word' id='word_1_45' title='bbox 2385 1029 2431 1098; x_wconf 88' lang='lat' dir='ltr'>ad</span> 
     </span>
     <span class='ocr_line' id='line_1_5' title="bbox 579 1184 2436 1274; baseline 0.002 -21"><span class='ocrx_word' id='word_1_46' title='bbox 579 1187 692 1274; x_wconf 81' lang='lat' dir='ltr'>ipsam</span> <span class='ocrx_word' id='word_1_47' title='bbox 716 1187 810 1254; x_wconf 88' lang='lat' dir='ltr'>viam</span> <span class='ocrx_word' id='word_1_48' title='bbox 834 1187 1028 1254; x_wconf 87' lang='lat' dir='ltr'>coniuncta</span> <span class='ocrx_word' id='word_1_49' title='bbox 1050 1189 1116 1252; x_wconf 90' lang='grc' dir='ltr'><strong>θεῖ.</strong></span> <span class='ocrx_word' id='word_1_50' title='bbox 1144 1187 1188 1252; x_wconf 85' lang='grc' dir='ltr'><strong>Εῖ</strong></span> <span class='ocrx_word' id='word_1_51' title='bbox 1211 1184 1361 1252; x_wconf 86' lang='lat' dir='ltr'>adiunxi</span> <span class='ocrx_word' id='word_1_52' title='bbox 1386 1184 1424 1252; x_wconf 91' lang='lat' dir='ltr'>in</span> <span class='ocrx_word' id='word_1_53' title='bbox 1447 1184 1519 1254; x_wconf 89' lang='lat' dir='ltr'>ista</span> <span class='ocrx_word' id='word_1_54' title='bbox 1541 1189 1637 1253; x_wconf 85' lang='lat' dir='ltr'>sorte</span> <span class='ocrx_word' id='word_1_55' title='bbox 1661 1187 1796 1252; x_wconf 84' lang='lat' dir='ltr'>terram</span> <span class='ocrx_word' id='word_1_56' title='bbox 1820 1205 1900 1252; x_wconf 89' lang='lat' dir='ltr'>curn</span> <span class='ocrx_word' id='word_1_57' title='bbox 1926 1185 2032 1254; x_wconf 89' lang='lat' dir='ltr'>vinea</span> <span class='ocrx_word' id='word_1_58' title='bbox 2056 1184 2189 1254; x_wconf 89' lang='lat' dir='ltr'>deloco</span> <span class='ocrx_word' id='word_1_59' title='bbox 2213 1186 2284 1256; x_wconf 93' lang='lat' dir='ltr'>iobi</span> <span class='ocrx_word' id='word_1_60' title='bbox 2304 1239 2436 1256; x_wconf 82' lang='lat'><strong>.....</strong></span> 
     </span>
     <span class='ocr_line' id='line_1_6' title="bbox 579 1340 2432 1430; baseline 0.002 -22"><span class='ocrx_word' id='word_1_61' title='bbox 579 1393 728 1410; x_wconf 94' lang='grc'><strong>......</strong></span> <span class='ocrx_word' id='word_1_62' title='bbox 753 1345 791 1410; x_wconf 87' lang='grc' dir='ltr'><strong>θῖ</strong></span> <span class='ocrx_word' id='word_1_63' title='bbox 813 1361 837 1412; x_wconf 89' lang='lat' dir='ltr'>a</span> <span class='ocrx_word' id='word_1_64' title='bbox 859 1345 963 1430; x_wconf 86' lang='lat' dir='ltr'>parte</span> <span class='ocrx_word' id='word_1_65' title='bbox 984 1340 1180 1410; x_wconf 85' lang='lat' dir='ltr'>occidentis</span> <span class='ocrx_word' id='word_1_66' title='bbox 1203 1340 1397 1408; x_wconf 84' lang='lat' dir='ltr'>coniuncta</span> <span class='ocrx_word' id='word_1_67' title='bbox 1425 1343 1480 1408; x_wconf 91' lang='lat' dir='ltr'>est</span> <span class='ocrx_word' id='word_1_68' title='bbox 1502 1340 1544 1408; x_wconf 87' lang='lat' dir='ltr'>ad</span> <span class='ocrx_word' id='word_1_69' title='bbox 1568 1341 1693 1428; x_wconf 89' lang='lat' dir='ltr'>pedem</span> <span class='ocrx_word' id='word_1_70' title='bbox 1716 1342 1861 1410; x_wconf 90' lang='lat' dir='ltr'>montis.</span> <span class='ocrx_word' id='word_1_71' title='bbox 1898 1344 1942 1410; x_wconf 85' lang='lat' dir='ltr'>Et</span> <span class='ocrx_word' id='word_1_72' title='bbox 1965 1342 2116 1410; x_wconf 83' lang='lat' dir='ltr'>adiunxi</span> <span class='ocrx_word' id='word_1_73' title='bbox 2154 1341 2194 1410; x_wconf 89' lang='lat' dir='ltr'>in</span> <span class='ocrx_word' id='word_1_74' title='bbox 2228 1343 2301 1412; x_wconf 88' lang='lat' dir='ltr'>ista</span> <span class='ocrx_word' id='word_1_75' title='bbox 2335 1345 2432 1412; x_wconf 89' lang='lat' dir='ltr'>sorte</span> 
     </span>
     <span class='ocr_line' id='line_1_7' title="bbox 574 1497 2433 1585; baseline 0 -21"><span class='ocrx_word' id='word_1_76' title='bbox 574 1501 710 1568; x_wconf 87' lang='lat' dir='ltr'>terram</span> <span class='ocrx_word' id='word_1_77' title='bbox 733 1517 814 1566; x_wconf 90' lang='lat' dir='ltr'>curn</span> <span class='ocrx_word' id='word_1_78' title='bbox 837 1499 1007 1574; x_wconf 90' lang='lat' dir='ltr'>arbusto,</span> <span class='ocrx_word' id='word_1_79' title='bbox 1034 1516 1103 1584; x_wconf 95' lang='lat' dir='ltr'>que</span> <span class='ocrx_word' id='word_1_80' title='bbox 1126 1499 1180 1564; x_wconf 89' lang='lat' dir='ltr'>est</span> <span class='ocrx_word' id='word_1_81' title='bbox 1203 1500 1242 1565; x_wconf 90' lang='lat' dir='ltr'>in</span> <span class='ocrx_word' id='word_1_82' title='bbox 1265 1497 1341 1565; x_wconf 92' lang='lat' dir='ltr'>loco</span> <span class='ocrx_word' id='word_1_83' title='bbox 1365 1497 1522 1572; x_wconf 81' lang='lat' dir='ltr'>selecta,</span> <span class='ocrx_word' id='word_1_84' title='bbox 1547 1515 1616 1585; x_wconf 90' lang='lat' dir='ltr'>que</span> <span class='ocrx_word' id='word_1_85' title='bbox 1639 1497 1692 1564; x_wconf 88' lang='lat' dir='ltr'>est</span> <span class='ocrx_word' id='word_1_86' title='bbox 1716 1497 1754 1564; x_wconf 91' lang='lat' dir='ltr'>in</span> <span class='ocrx_word' id='word_1_87' title='bbox 1777 1498 1865 1584; x_wconf 88' lang='lat' dir='ltr'>pede</span> <span class='ocrx_word' id='word_1_88' title='bbox 1889 1497 1933 1564; x_wconf 91' lang='lat' dir='ltr'>de</span> <span class='ocrx_word' id='word_1_89' title='bbox 1954 1500 2075 1565; x_wconf 88' lang='lat' dir='ltr'>monte</span> <span class='ocrx_word' id='word_1_90' title='bbox 2098 1497 2142 1564; x_wconf 87' lang='lat' dir='ltr'>de</span> <span class='ocrx_word' id='word_1_91' title='bbox 2164 1500 2319 1566; x_wconf 88' lang='lat' dir='ltr'>tebenna</span> <span class='ocrx_word' id='word_1_92' title='bbox 2337 1497 2433 1574; x_wconf 84' lang='lat' dir='ltr'>„ubi</span> 
     </span>
     <span class='ocr_line' id='line_1_8' title="bbox 573 1647 2431 1736; baseline 0.003 -21"><span class='ocrx_word' id='word_1_93' title='bbox 573 1647 715 1715; x_wconf 88' lang='lat' dir='ltr'>calcare</span> <span class='ocrx_word' id='word_1_94' title='bbox 738 1647 883 1727; x_wconf 88' lang='lat' dir='ltr'>dicitur,</span> <span class='ocrx_word' id='word_1_95' title='bbox 909 1663 1017 1735; x_wconf 86' lang='lat' dir='ltr'>quam</span> <span class='ocrx_word' id='word_1_96' title='bbox 1041 1651 1166 1716; x_wconf 89' lang='lat' dir='ltr'>tenent</span> <span class='ocrx_word' id='word_1_97' title='bbox 1189 1649 1338 1718; x_wconf 87' lang='lat' dir='ltr'>heredes</span> <span class='ocrx_word' id='word_1_98' title='bbox 1361 1649 1455 1736; x_wconf 91' lang='lat' dir='ltr'>petri</span> <span class='ocrx_word' id='word_1_99' title='bbox 1480 1651 1602 1735; x_wconf 87' lang='lat' dir='ltr'>ungri.</span> <span class='ocrx_word' id='word_1_100' title='bbox 1629 1653 1673 1716; x_wconf 89' lang='grc' dir='ltr'><strong>Εῖ</strong></span> <span class='ocrx_word' id='word_1_101' title='bbox 1695 1648 1847 1718; x_wconf 84' lang='lat' dir='ltr'>adiunxi</span> <span class='ocrx_word' id='word_1_102' title='bbox 1871 1648 1910 1718; x_wconf 93' lang='lat' dir='ltr'>in</span> <span class='ocrx_word' id='word_1_103' title='bbox 1932 1649 2004 1717; x_wconf 90' lang='lat' dir='ltr'>ista</span> <span class='ocrx_word' id='word_1_104' title='bbox 2025 1653 2121 1718; x_wconf 85' lang='lat' dir='ltr'>sorte</span> <span class='ocrx_word' id='word_1_105' title='bbox 2145 1653 2281 1722; x_wconf 84' lang='lat' dir='ltr'>terram</span> <span class='ocrx_word' id='word_1_106' title='bbox 2300 1701 2431 1720; x_wconf 89' lang='grc'><strong>.....</strong></span> 
     </span>
     <span class='ocr_line' id='line_1_9' title="bbox 575 1803 2430 1892; baseline 0.003 -24"><span class='ocrx_word' id='word_1_107' title='bbox 575 1821 682 1889; x_wconf 89' lang='lat' dir='ltr'>quam</span> <span class='ocrx_word' id='word_1_108' title='bbox 707 1807 805 1871; x_wconf 91' lang='lat' dir='ltr'>tenet</span> <span class='ocrx_word' id='word_1_109' title='bbox 827 1807 950 1890; x_wconf 89' lang='lat' dir='ltr'>petrus</span> <span class='ocrx_word' id='word_1_110' title='bbox 973 1803 1069 1870; x_wconf 86' lang='lat' dir='ltr'>filius</span> <span class='ocrx_word' id='word_1_111' title='bbox 1093 1803 1232 1871; x_wconf 87' lang='lat' dir='ltr'>lodoici.</span> <span class='ocrx_word' id='word_1_112' title='bbox 1272 1807 1316 1871; x_wconf 87' lang='lat' dir='ltr'>Et</span> <span class='ocrx_word' id='word_1_113' title='bbox 1339 1806 1474 1872; x_wconf 83' lang='lat' dir='ltr'>terram</span> <span class='ocrx_word' id='word_1_114' title='bbox 1499 1823 1649 1873; x_wconf 86' lang='lat' dir='ltr'>vacuam</span> <span class='ocrx_word' id='word_1_115' title='bbox 1666 1805 1710 1872; x_wconf 86' lang='lat' dir='ltr'>in</span> <span class='ocrx_word' id='word_1_116' title='bbox 1732 1805 1854 1872; x_wconf 89' lang='lat' dir='ltr'>eodem</span> <span class='ocrx_word' id='word_1_117' title='bbox 1878 1805 1954 1872; x_wconf 93' lang='lat' dir='ltr'>loco</span> <span class='ocrx_word' id='word_1_118' title='bbox 1977 1807 2101 1873; x_wconf 85' lang='lat' dir='ltr'>subtus</span> <span class='ocrx_word' id='word_1_119' title='bbox 2124 1809 2162 1872; x_wconf 92' lang='grc' dir='ltr'><strong>θῖ</strong></span> <span class='ocrx_word' id='word_1_120' title='bbox 2183 1825 2294 1892; x_wconf 88' lang='lat' dir='ltr'>prope</span> <span class='ocrx_word' id='word_1_121' title='bbox 2315 1805 2430 1874; x_wconf 85' lang='lat' dir='ltr'>eccle-</span> 
     </span>
     <span class='ocr_line' id='line_1_10' title="bbox 574 1956 2432 2050; baseline 0.002 -26"><span class='ocrx_word' id='word_1_122' title='bbox 574 1957 664 2025; x_wconf 90' lang='lat' dir='ltr'>siam</span> <span class='ocrx_word' id='word_1_123' title='bbox 688 1958 803 2026; x_wconf 86' lang='lat' dir='ltr'>sancti</span> <span class='ocrx_word' id='word_1_124' title='bbox 827 1958 1005 2034; x_wconf 88' lang='lat' dir='ltr'>iohannis,</span> <span class='ocrx_word' id='word_1_125' title='bbox 1033 1956 1093 2026; x_wconf 90' lang='lat' dir='ltr'>ubi</span> <span class='ocrx_word' id='word_1_126' title='bbox 1118 1957 1227 2043; x_wconf 89' lang='lat' dir='ltr'>pariti</span> <span class='ocrx_word' id='word_1_127' title='bbox 1253 1957 1397 2035; x_wconf 86' lang='lat' dir='ltr'>dicitur,</span> <span class='ocrx_word' id='word_1_128' title='bbox 1415 1977 1522 2044; x_wconf 88' lang='lat' dir='ltr'>quam</span> <span class='ocrx_word' id='word_1_129' title='bbox 1547 1958 1678 2026; x_wconf 91' lang='lat' dir='ltr'>retinet</span> <span class='ocrx_word' id='word_1_130' title='bbox 1700 1959 1925 2028; x_wconf 88' lang='lat' dir='ltr'>dumnandus</span> <span class='ocrx_word' id='word_1_131' title='bbox 1948 1959 2043 2026; x_wconf 82' lang='lat' dir='ltr'>lilius</span> <span class='ocrx_word' id='word_1_132' title='bbox 2068 1959 2172 2045; x_wconf 89' lang='lat' dir='ltr'>petri.</span> <span class='ocrx_word' id='word_1_133' title='bbox 2199 1964 2245 2029; x_wconf 83' lang='lat' dir='ltr'>ut</span> <span class='ocrx_word' id='word_1_134' title='bbox 2267 1961 2354 2028; x_wconf 89' lang='lat' dir='ltr'>duas</span> <span class='ocrx_word' id='word_1_135' title='bbox 2369 1980 2432 2050; x_wconf 90' lang='lat' dir='ltr'>pe-</span> 
     </span>
     <span class='ocr_line' id='line_1_11' title="bbox 573 2112 2436 2216; baseline 0.001 -36"><span class='ocrx_word' id='word_1_136' title='bbox 573 2113 683 2182; x_wconf 87' lang='lat' dir='ltr'>ciolas</span> <span class='ocrx_word' id='word_1_137' title='bbox 706 2114 744 2182; x_wconf 92' lang='lat' dir='ltr'>in</span> <span class='ocrx_word' id='word_1_138' title='bbox 767 2114 888 2182; x_wconf 88' lang='lat' dir='ltr'>eodem</span> <span class='ocrx_word' id='word_1_139' title='bbox 912 2117 1002 2191; x_wconf 89' lang='lat' dir='ltr'>loco;</span> <span class='ocrx_word' id='word_1_140' title='bbox 1029 2131 1102 2181; x_wconf 91' lang='lat' dir='ltr'>una</span> <span class='ocrx_word' id='word_1_141' title='bbox 1125 2131 1194 2199; x_wconf 91' lang='lat' dir='ltr'>que</span> <span class='ocrx_word' id='word_1_142' title='bbox 1219 2112 1352 2181; x_wconf 87' lang='lat' dir='ltr'>dicitur</span> <span class='ocrx_word' id='word_1_143' title='bbox 1376 2115 1421 2182; x_wconf 89' lang='lat' dir='ltr'>ad</span> <span class='ocrx_word' id='word_1_144' title='bbox 1446 2115 1561 2190; x_wconf 87' lang='lat' dir='ltr'>balle,</span> <span class='ocrx_word' id='word_1_145' title='bbox 1586 2115 1790 2192; x_wconf 88' lang='lat' dir='ltr'>etaltera,</span> <span class='ocrx_word' id='word_1_146' title='bbox 1815 2135 1884 2202; x_wconf 88' lang='lat' dir='ltr'>que</span> <span class='ocrx_word' id='word_1_147' title='bbox 1907 2114 2040 2182; x_wconf 89' lang='lat' dir='ltr'>dicitur</span> <span class='ocrx_word' id='word_1_148' title='bbox 2063 2115 2109 2216; x_wconf 84' lang='lat' dir='ltr'>ad</span> <span class='ocrx_word' id='word_1_149' title='bbox 2129 2115 2268 2202; x_wconf 91' lang='lat' dir='ltr'>cupuli.</span> <span class='ocrx_word' id='word_1_150' title='bbox 2295 2119 2340 2182; x_wconf 85' lang='grc' dir='ltr'><strong>Εῖ</strong></span> <span class='ocrx_word' id='word_1_151' title='bbox 2362 2117 2436 2184; x_wconf 71' lang='lat' dir='ltr'>ten</span> 
     </span>
     <span class='ocr_line' id='line_1_12' title="bbox 573 2267 2431 2362; baseline 0.001 -26"><span class='ocrx_word' id='word_1_152' title='bbox 573 2289 652 2340; x_wconf 86' lang='lat' dir='ltr'>ram</span> <span class='ocrx_word' id='word_1_153' title='bbox 676 2287 825 2338; x_wconf 87' lang='lat' dir='ltr'>vacuam</span> <span class='ocrx_word' id='word_1_154' title='bbox 849 2267 886 2335; x_wconf 93' lang='lat' dir='ltr'>in</span> <span class='ocrx_word' id='word_1_155' title='bbox 910 2268 1032 2336; x_wconf 91' lang='lat' dir='ltr'>eodem</span> <span class='ocrx_word' id='word_1_156' title='bbox 1056 2269 1131 2336; x_wconf 92' lang='lat' dir='ltr'>loco</span> <span class='ocrx_word' id='word_1_157' title='bbox 1152 2321 1308 2336; x_wconf 92' lang='grc'><strong>......</strong></span> <span class='ocrx_word' id='word_1_158' title='bbox 1336 2271 1380 2336; x_wconf 88' lang='grc' dir='ltr'><strong>Εῖ</strong></span> <span class='ocrx_word' id='word_1_159' title='bbox 1403 2272 1539 2338; x_wconf 88' lang='lat' dir='ltr'>terram</span> <span class='ocrx_word' id='word_1_160' title='bbox 1563 2289 1714 2338; x_wconf 88' lang='lat' dir='ltr'>vacuam</span> <span class='ocrx_word' id='word_1_161' title='bbox 1737 2269 1858 2357; x_wconf 86' lang='lat' dir='ltr'>ibique</span> <span class='ocrx_word' id='word_1_162' title='bbox 1880 2271 2032 2357; x_wconf 85' lang='lat' dir='ltr'>suptus,</span> <span class='ocrx_word' id='word_1_163' title='bbox 2067 2270 2127 2337; x_wconf 92' lang='lat' dir='ltr'>ubi</span> <span class='ocrx_word' id='word_1_164' title='bbox 2150 2269 2261 2356; x_wconf 85' lang='lat' dir='ltr'>parili</span> <span class='ocrx_word' id='word_1_165' title='bbox 2284 2270 2431 2362; x_wconf 84' lang='lat' dir='ltr'>dicitur.</span> 
     </span>
     <span class='ocr_line' id='line_1_13' title="bbox 575 2377 2435 2512; baseline 0.001 -22"><span class='ocrx_word' id='word_1_166' title='bbox 575 2427 619 2490; x_wconf 86' lang='lat' dir='ltr'>Et</span> <span class='ocrx_word' id='word_1_167' title='bbox 642 2427 777 2492; x_wconf 88' lang='lat' dir='ltr'>terram</span> <span class='ocrx_word' id='word_1_168' title='bbox 801 2444 883 2492; x_wconf 91' lang='lat' dir='ltr'>cum</span> <span class='ocrx_word' id='word_1_169' title='bbox 907 2424 1095 2493; x_wconf 81' lang='lat' dir='ltr'>arboribus</span> <span class='ocrx_word' id='word_1_170' title='bbox 1118 2423 1268 2512; x_wconf 86' lang='lat' dir='ltr'>ibique,</span> <span class='ocrx_word' id='word_1_171' title='bbox 1306 2422 1368 2491; x_wconf 93' lang='lat' dir='ltr'>ubi</span> <span class='ocrx_word' id='word_1_172' title='bbox 1391 2423 1502 2511; x_wconf 90' lang='lat' dir='ltr'>pariti</span> <span class='ocrx_word' id='word_1_173' title='bbox 1525 2423 1670 2492; x_wconf 89' lang='lat' dir='ltr'>dicitur.</span> <span class='ocrx_word' id='word_1_174' title='bbox 1709 2427 1752 2492; x_wconf 85' lang='lat' dir='ltr'>ut</span> <span class='ocrx_word' id='word_1_175' title='bbox 1774 2377 1884 2492; x_wconf 86' lang='lat' dir='ltr'>aliam</span> <span class='ocrx_word' id='word_1_176' title='bbox 1907 2424 2081 2512; x_wconf 77' lang='lat' dir='ltr'>peciolam</span> <span class='ocrx_word' id='word_1_177' title='bbox 2105 2424 2239 2512; x_wconf 89' lang='lat' dir='ltr'>ibique.</span> <span class='ocrx_word' id='word_1_178' title='bbox 2278 2427 2331 2494; x_wconf 83' lang='lat' dir='ltr'>Ex</span> <span class='ocrx_word' id='word_1_179' title='bbox 2367 2427 2435 2493; x_wconf 90' lang='lat' dir='ltr'>hoc</span> 
     </span>
     <span class='ocr_line' id='line_1_14' title="bbox 573 2579 2434 2668; baseline 0.002 -22"><span class='ocrx_word' id='word_1_180' title='bbox 573 2579 646 2646; x_wconf 84' lang='lat' dir='ltr'>toto</span> <span class='ocrx_word' id='word_1_181' title='bbox 669 2581 737 2648; x_wconf 86' lang='lat' dir='ltr'>leci</span> <span class='ocrx_word' id='word_1_182' title='bbox 760 2599 837 2648; x_wconf 90' lang='lat' dir='ltr'>esse</span> <span class='ocrx_word' id='word_1_183' title='bbox 860 2580 1015 2668; x_wconf 82' lang='lat' dir='ltr'>primam</span> <span class='ocrx_word' id='word_1_184' title='bbox 1042 2583 1173 2648; x_wconf 84' lang='lat' dir='ltr'>sortem</span> <span class='ocrx_word' id='word_1_185' title='bbox 1198 2599 1279 2648; x_wconf 89' lang='lat' dir='ltr'>cum</span> <span class='ocrx_word' id='word_1_186' title='bbox 1303 2581 1380 2646; x_wconf 89' lang='lat' dir='ltr'>vioe</span> <span class='ocrx_word' id='word_1_187' title='bbox 1403 2579 1447 2646; x_wconf 92' lang='lat' dir='ltr'>de</span> <span class='ocrx_word' id='word_1_188' title='bbox 1472 2579 1539 2648; x_wconf 85' lang='lat' dir='ltr'>viis</span> <span class='ocrx_word' id='word_1_189' title='bbox 1561 2579 1648 2648; x_wconf 88' lang='lat' dir='ltr'>suis.</span> <span class='ocrx_word' id='word_1_190' title='bbox 1689 2580 1885 2648; x_wconf 86' lang='lat' dir='ltr'>Secundam</span> <span class='ocrx_word' id='word_1_191' title='bbox 1909 2585 2042 2647; x_wconf 90' lang='lat' dir='ltr'>sortem</span> <span class='ocrx_word' id='word_1_192' title='bbox 2076 2579 2143 2646; x_wconf 83' lang='lat' dir='ltr'>leci</span> <span class='ocrx_word' id='word_1_193' title='bbox 2182 2596 2259 2646; x_wconf 89' lang='lat' dir='ltr'>esse</span> <span class='ocrx_word' id='word_1_194' title='bbox 2295 2581 2434 2649; x_wconf 87' lang='lat' dir='ltr'>terram</span> 
     </span>
     <span class='ocr_line' id='line_1_15' title="bbox 573 2733 2436 2820; baseline 0.002 -21"><span class='ocrx_word' id='word_1_195' title='bbox 573 2751 654 2800; x_wconf 91' lang='lat' dir='ltr'>cum</span> <span class='ocrx_word' id='word_1_196' title='bbox 678 2737 826 2804; x_wconf 87' lang='lat' dir='ltr'>arbusto</span> <span class='ocrx_word' id='word_1_197' title='bbox 849 2739 887 2804; x_wconf 95' lang='grc' dir='ltr'><strong>θῖ</strong></span> <span class='ocrx_word' id='word_1_198' title='bbox 909 2737 1113 2804; x_wconf 88' lang='lat' dir='ltr'>abellaneto</span> <span class='ocrx_word' id='word_1_199' title='bbox 1137 2736 1180 2802; x_wconf 90' lang='lat' dir='ltr'>de</span> <span class='ocrx_word' id='word_1_200' title='bbox 1204 2737 1327 2804; x_wconf 88' lang='lat' dir='ltr'>eodem</span> <span class='ocrx_word' id='word_1_201' title='bbox 1351 2737 1428 2802; x_wconf 90' lang='lat' dir='ltr'>loco</span> <span class='ocrx_word' id='word_1_202' title='bbox 1452 2739 1618 2803; x_wconf 81' lang='lat' dir='ltr'>munioru</span> <span class='ocrx_word' id='word_1_203' title='bbox 1644 2733 1704 2802; x_wconf 88' lang='lat' dir='ltr'>ubi</span> <span class='ocrx_word' id='word_1_204' title='bbox 1723 2784 1875 2801; x_wconf 92' lang='grc'><strong>......</strong></span> <span class='ocrx_word' id='word_1_205' title='bbox 1901 2734 2045 2808; x_wconf 88' lang='lat' dir='ltr'>dicitur,</span> <span class='ocrx_word' id='word_1_206' title='bbox 2072 2751 2179 2820; x_wconf 91' lang='lat' dir='ltr'>quam</span> <span class='ocrx_word' id='word_1_207' title='bbox 2202 2736 2327 2801; x_wconf 88' lang='lat' dir='ltr'>tenent</span> <span class='ocrx_word' id='word_1_208' title='bbox 2341 2735 2436 2803; x_wconf 83' lang='lat' dir='ltr'>falco</span> 
     </span>
     <span class='ocr_line' id='line_1_16' title="bbox 572 2886 2432 2966; baseline 0.003 -12"><span class='ocrx_word' id='word_1_209' title='bbox 572 2886 667 2956; x_wconf 84' lang='lat' dir='ltr'>filius</span> <span class='ocrx_word' id='word_1_210' title='bbox 690 2888 845 2957; x_wconf 81' lang='lat' dir='ltr'>moraldi</span> <span class='ocrx_word' id='word_1_211' title='bbox 868 2893 904 2957; x_wconf 91' lang='grc' dir='ltr'><strong>θῖ</strong></span> <span class='ocrx_word' id='word_1_212' title='bbox 926 2889 1076 2959; x_wconf 85' lang='lat' dir='ltr'>heredes</span> <span class='ocrx_word' id='word_1_213' title='bbox 1099 2889 1242 2956; x_wconf 90' lang='lat' dir='ltr'>muniti.</span> <span class='ocrx_word' id='word_1_214' title='bbox 1270 2892 1315 2956; x_wconf 89' lang='lat' dir='ltr'>Et</span> <span class='ocrx_word' id='word_1_215' title='bbox 1339 2893 1473 2956; x_wconf 90' lang='lat' dir='ltr'>terram</span> <span class='ocrx_word' id='word_1_216' title='bbox 1498 2909 1577 2956; x_wconf 88' lang='lat' dir='ltr'>cum</span> <span class='ocrx_word' id='word_1_217' title='bbox 1602 2891 1776 2964; x_wconf 88' lang='lat' dir='ltr'>arbusto,</span> <span class='ocrx_word' id='word_1_218' title='bbox 1816 2893 1853 2956; x_wconf 91' lang='lat' dir='ltr'>et</span> <span class='ocrx_word' id='word_1_219' title='bbox 1876 2891 2082 2966; x_wconf 87' lang='lat' dir='ltr'>castaneto,</span> <span class='ocrx_word' id='word_1_220' title='bbox 2106 2890 2144 2955; x_wconf 94' lang='lat' dir='ltr'>et</span> <span class='ocrx_word' id='word_1_221' title='bbox 2165 2889 2370 2956; x_wconf 85' lang='lat' dir='ltr'>abellaneto</span> <span class='ocrx_word' id='word_1_222' title='bbox 2393 2891 2432 2959; x_wconf 91' lang='lat' dir='ltr'>in</span> 
     </span>
     <span class='ocr_line' id='line_1_17' title="bbox 574 3036 2435 3145; baseline 0.002 -37"><span class='ocrx_word' id='word_1_223' title='bbox 574 3041 695 3110; x_wconf 89' lang='lat' dir='ltr'>eodem</span> <span class='ocrx_word' id='word_1_224' title='bbox 720 3045 797 3111; x_wconf 90' lang='lat' dir='ltr'>loco</span> <span class='ocrx_word' id='word_1_225' title='bbox 820 3091 828 3120; x_wconf 96' lang='lat'>,</span> <span class='ocrx_word' id='word_1_226' title='bbox 854 3045 915 3112; x_wconf 92' lang='lat' dir='ltr'>ubi</span> <span class='ocrx_word' id='word_1_227' title='bbox 938 3043 1115 3111; x_wconf 87' lang='lat' dir='ltr'>miscianu</span> <span class='ocrx_word' id='word_1_228' title='bbox 1138 3043 1298 3145; x_wconf 85' lang='lat' dir='ltr'>dicitur,</span> <span class='ocrx_word' id='word_1_229' title='bbox 1325 3061 1432 3129; x_wconf 85' lang='lat' dir='ltr'>quam</span> <span class='ocrx_word' id='word_1_230' title='bbox 1456 3043 1589 3110; x_wconf 90' lang='lat' dir='ltr'>retinet</span> <span class='ocrx_word' id='word_1_231' title='bbox 1611 3042 1686 3130; x_wconf 88' lang='lat' dir='ltr'>ipse</span> <span class='ocrx_word' id='word_1_232' title='bbox 1710 3043 1915 3111; x_wconf 87' lang='lat' dir='ltr'>maranciu&#39;s</span> <span class='ocrx_word' id='word_1_233' title='bbox 1938 3044 2126 3130; x_wconf 85' lang='lat' dir='ltr'>presbiter.</span> <span class='ocrx_word' id='word_1_234' title='bbox 2152 3045 2197 3110; x_wconf 80' lang='lat' dir='ltr'>nt</span> <span class='ocrx_word' id='word_1_235' title='bbox 2220 3036 2373 3111; x_wconf 82' lang='lat' dir='ltr'>adiunxi</span> <span class='ocrx_word' id='word_1_236' title='bbox 2396 3044 2435 3112; x_wconf 90' lang='lat' dir='ltr'>in</span> 
     </span>
     <span class='ocr_line' id='line_1_18' title="bbox 573 3195 2432 3284; baseline 0 -20"><span class='ocrx_word' id='word_1_237' title='bbox 573 3197 643 3265; x_wconf 90' lang='lat' dir='ltr'>ista</span> <span class='ocrx_word' id='word_1_238' title='bbox 666 3199 764 3264; x_wconf 90' lang='lat' dir='ltr'>sorte</span> <span class='ocrx_word' id='word_1_239' title='bbox 786 3200 944 3274; x_wconf 88' lang='lat' dir='ltr'>sortem,</span> <span class='ocrx_word' id='word_1_240' title='bbox 970 3217 1039 3284; x_wconf 89' lang='lat' dir='ltr'>que</span> <span class='ocrx_word' id='word_1_241' title='bbox 1063 3197 1102 3264; x_wconf 91' lang='lat' dir='ltr'>in</span> <span class='ocrx_word' id='word_1_242' title='bbox 1125 3195 1239 3264; x_wconf 84' lang='lat' dir='ltr'>madio</span> <span class='ocrx_word' id='word_1_243' title='bbox 1263 3199 1318 3263; x_wconf 89' lang='lat' dir='ltr'>est</span> <span class='ocrx_word' id='word_1_244' title='bbox 1340 3195 1384 3263; x_wconf 93' lang='lat' dir='ltr'>de</span> <span class='ocrx_word' id='word_1_245' title='bbox 1408 3195 1494 3282; x_wconf 87' lang='lat' dir='ltr'>ipsis</span> <span class='ocrx_word' id='word_1_246' title='bbox 1517 3197 1625 3264; x_wconf 90' lang='lat' dir='ltr'>terris</span> <span class='ocrx_word' id='word_1_247' title='bbox 1648 3215 1799 3274; x_wconf 91' lang='lat' dir='ltr'>eorum,</span> <span class='ocrx_word' id='word_1_248' title='bbox 1825 3196 1868 3264; x_wconf 93' lang='lat' dir='ltr'>de</span> <span class='ocrx_word' id='word_1_249' title='bbox 1891 3197 2013 3264; x_wconf 91' lang='lat' dir='ltr'>eodem</span> <span class='ocrx_word' id='word_1_250' title='bbox 2036 3197 2113 3264; x_wconf 93' lang='lat' dir='ltr'>loco</span> <span class='ocrx_word' id='word_1_251' title='bbox 2136 3201 2260 3264; x_wconf 89' lang='lat' dir='ltr'>sancte</span> <span class='ocrx_word' id='word_1_252' title='bbox 2283 3199 2432 3284; x_wconf 87' lang='lat' dir='ltr'>agathe,</span> 
     </span>
     <span class='ocr_line' id='line_1_19' title="bbox 571 3349 2435 3438; baseline -0.001 -20"><span class='ocrx_word' id='word_1_253' title='bbox 571 3350 632 3418; x_wconf 92' lang='lat' dir='ltr'>ubi</span> <span class='ocrx_word' id='word_1_254' title='bbox 655 3349 791 3436; x_wconf 79' lang='lat' dir='ltr'>gualdo</span> <span class='ocrx_word' id='word_1_255' title='bbox 813 3350 959 3428; x_wconf 91' lang='lat' dir='ltr'>dicitur,</span> <span class='ocrx_word' id='word_1_256' title='bbox 986 3369 1054 3438; x_wconf 89' lang='lat' dir='ltr'>que</span> <span class='ocrx_word' id='word_1_257' title='bbox 1077 3353 1132 3417; x_wconf 90' lang='lat' dir='ltr'>est</span> <span class='ocrx_word' id='word_1_258' title='bbox 1154 3357 1219 3436; x_wconf 88' lang='lat' dir='ltr'>per</span> <span class='ocrx_word' id='word_1_259' title='bbox 1241 3350 1328 3433; x_wconf 82' lang='lat' dir='ltr'>fines</span> <span class='ocrx_word' id='word_1_260' title='bbox 1352 3352 1389 3416; x_wconf 89' lang='lat' dir='ltr'>et</span> <span class='ocrx_word' id='word_1_261' title='bbox 1411 3369 1618 3418; x_wconf 87' lang='lat' dir='ltr'>mensuras:</span> <span class='ocrx_word' id='word_1_262' title='bbox 1645 3353 1675 3416; x_wconf 78' lang='grc' dir='ltr'><strong>Α</strong></span> <span class='ocrx_word' id='word_1_263' title='bbox 1699 3353 1802 3436; x_wconf 87' lang='lat' dir='ltr'>parte</span> <span class='ocrx_word' id='word_1_264' title='bbox 1825 3350 2088 3438; x_wconf 84' lang='lat' dir='ltr'>septemtrionis</span> <span class='ocrx_word' id='word_1_265' title='bbox 2111 3354 2166 3418; x_wconf 91' lang='lat' dir='ltr'>cst</span> <span class='ocrx_word' id='word_1_266' title='bbox 2188 3351 2268 3418; x_wconf 85' lang='lat' dir='ltr'>linis</span> <span class='ocrx_word' id='word_1_267' title='bbox 2292 3351 2435 3419; x_wconf 87' lang='lat' dir='ltr'>medius</span> 
     </span>
     <span class='ocr_line' id='line_1_20' title="bbox 570 3504 2432 3593; baseline -0.001 -19"><span class='ocrx_word' id='word_1_268' title='bbox 570 3505 648 3590; x_wconf 84' lang='lat' dir='ltr'>ipse</span> <span class='ocrx_word' id='word_1_269' title='bbox 672 3504 784 3583; x_wconf 90' lang='lat' dir='ltr'>rivus,</span> <span class='ocrx_word' id='word_1_270' title='bbox 809 3507 847 3573; x_wconf 91' lang='lat' dir='ltr'>et</span> <span class='ocrx_word' id='word_1_271' title='bbox 869 3504 1068 3574; x_wconf 85' lang='lat' dir='ltr'>mensurati</span> <span class='ocrx_word' id='word_1_272' title='bbox 1084 3505 1259 3592; x_wconf 90' lang='lat' dir='ltr'>quantum</span> <span class='ocrx_word' id='word_1_273' title='bbox 1283 3505 1363 3590; x_wconf 88' lang='lat' dir='ltr'>plus</span> <span class='ocrx_word' id='word_1_274' title='bbox 1379 3507 1516 3571; x_wconf 90' lang='lat' dir='ltr'>rectum</span> <span class='ocrx_word' id='word_1_275' title='bbox 1540 3523 1650 3590; x_wconf 85' lang='lat' dir='ltr'>prope</span> <span class='ocrx_word' id='word_1_276' title='bbox 1673 3504 1788 3591; x_wconf 90' lang='lat' dir='ltr'>ipsum</span> <span class='ocrx_word' id='word_1_277' title='bbox 1805 3507 1922 3574; x_wconf 88' lang='lat' dir='ltr'>rivum</span> <span class='ocrx_word' id='word_1_278' title='bbox 1946 3506 2148 3574; x_wconf 89' lang='lat' dir='ltr'>mensurari</span> <span class='ocrx_word' id='word_1_279' title='bbox 2164 3509 2324 3593; x_wconf 77' lang='lat' dir='ltr'>possunt,</span> <span class='ocrx_word' id='word_1_280' title='bbox 2338 3504 2432 3593; x_wconf 88' lang='lat' dir='ltr'>passi</span> 
     </span>
     <span class='ocr_line' id='line_1_21' title="bbox 573 3658 2433 3748; baseline -0.001 -21"><span class='ocrx_word' id='word_1_281' title='bbox 573 3661 715 3728; x_wconf 88' lang='lat' dir='ltr'>centurn</span> <span class='ocrx_word' id='word_1_282' title='bbox 739 3658 933 3744; x_wconf 84' lang='lat' dir='ltr'>sexaginta</span> <span class='ocrx_word' id='word_1_283' title='bbox 955 3663 1046 3727; x_wconf 87' lang='lat' dir='ltr'>octo.</span> <span class='ocrx_word' id='word_1_284' title='bbox 1072 3663 1102 3725; x_wconf 65' lang='lat' dir='ltr'>:l</span> <span class='ocrx_word' id='word_1_285' title='bbox 1126 3661 1231 3746; x_wconf 84' lang='lat' dir='ltr'>parte</span> <span class='ocrx_word' id='word_1_286' title='bbox 1254 3659 1449 3726; x_wconf 89' lang='lat' dir='ltr'>occidentis</span> <span class='ocrx_word' id='word_1_287' title='bbox 1472 3663 1526 3727; x_wconf 90' lang='lat' dir='ltr'>est</span> <span class='ocrx_word' id='word_1_288' title='bbox 1548 3659 1629 3728; x_wconf 83' lang='lat' dir='ltr'>linis</span> <span class='ocrx_word' id='word_1_289' title='bbox 1652 3659 1755 3738; x_wconf 91' lang='lat' dir='ltr'>illud,</span> <span class='ocrx_word' id='word_1_290' title='bbox 1774 3661 1866 3746; x_wconf 90' lang='lat' dir='ltr'>quod</span> <span class='ocrx_word' id='word_1_291' title='bbox 1889 3661 1928 3728; x_wconf 90' lang='lat' dir='ltr'>in</span> <span class='ocrx_word' id='word_1_292' title='bbox 1951 3661 2029 3748; x_wconf 87' lang='lat' dir='ltr'>ipsa</span> <span class='ocrx_word' id='word_1_293' title='bbox 2052 3661 2170 3747; x_wconf 87' lang='lat' dir='ltr'>prima</span> <span class='ocrx_word' id='word_1_294' title='bbox 2184 3664 2280 3730; x_wconf 88' lang='lat' dir='ltr'>sorte</span> <span class='ocrx_word' id='word_1_295' title='bbox 2304 3661 2433 3730; x_wconf 89' lang='lat' dir='ltr'>adiun-</span> 
     </span>
     <span class='ocr_line' id='line_1_22' title="bbox 572 3811 2424 3902; baseline 0.002 -22"><span class='ocrx_word' id='word_1_296' title='bbox 572 3816 669 3882; x_wconf 91' lang='lat' dir='ltr'>ctum</span> <span class='ocrx_word' id='word_1_297' title='bbox 692 3815 759 3890; x_wconf 89' lang='lat' dir='ltr'>est,</span> <span class='ocrx_word' id='word_1_298' title='bbox 784 3811 941 3900; x_wconf 89' lang='lat' dir='ltr'>qualiter</span> <span class='ocrx_word' id='word_1_299' title='bbox 964 3812 1094 3899; x_wconf 89' lang='lat' dir='ltr'>incipit</span> <span class='ocrx_word' id='word_1_300' title='bbox 1115 3833 1139 3880; x_wconf 87' lang='lat' dir='ltr'>a</span> <span class='ocrx_word' id='word_1_301' title='bbox 1162 3812 1277 3881; x_wconf 89' lang='lat' dir='ltr'>medio</span> <span class='ocrx_word' id='word_1_302' title='bbox 1299 3813 1380 3880; x_wconf 69' lang='lat' dir='ltr'>‘rivo</span> <span class='ocrx_word' id='word_1_303' title='bbox 1404 3817 1439 3879; x_wconf 89' lang='lat' dir='ltr'>et</span> <span class='ocrx_word' id='word_1_304' title='bbox 1464 3811 1597 3881; x_wconf 88' lang='lat' dir='ltr'>transit</span> <span class='ocrx_word' id='word_1_305' title='bbox 1619 3813 1734 3900; x_wconf 86' lang='lat' dir='ltr'>ipsam</span> <span class='ocrx_word' id='word_1_306' title='bbox 1758 3814 1879 3893; x_wconf 88' lang='lat' dir='ltr'>viam,</span> <span class='ocrx_word' id='word_1_307' title='bbox 1906 3819 1943 3882; x_wconf 88' lang='lat' dir='ltr'>et</span> <span class='ocrx_word' id='word_1_308' title='bbox 1967 3817 2104 3883; x_wconf 91' lang='lat' dir='ltr'>rectum</span> <span class='ocrx_word' id='word_1_309' title='bbox 2127 3815 2290 3884; x_wconf 86' lang='lat' dir='ltr'>ascendit</span> <span class='ocrx_word' id='word_1_310' title='bbox 2312 3832 2424 3902; x_wconf 86' lang='lat' dir='ltr'>usque</span> 
     </span>
     <span class='ocr_line' id='line_1_23' title="bbox 572 3966 2433 4054; baseline -0.001 -20"><span class='ocrx_word' id='word_1_311' title='bbox 572 3967 612 4036; x_wconf 90' lang='lat' dir='ltr'>in</span> <span class='ocrx_word' id='word_1_312' title='bbox 635 3967 789 4036; x_wconf 85' lang='lat' dir='ltr'>mediam</span> <span class='ocrx_word' id='word_1_313' title='bbox 813 3967 927 4054; x_wconf 91' lang='lat' dir='ltr'>ipsam</span> <span class='ocrx_word' id='word_1_314' title='bbox 951 3985 1089 4040; x_wconf 87' lang='lat' dir='ltr'>serram</span> <span class='ocrx_word' id='word_1_315' title='bbox 1113 3967 1225 4054; x_wconf 90' lang='lat' dir='ltr'>ipsius</span> <span class='ocrx_word' id='word_1_316' title='bbox 1249 3966 1406 4035; x_wconf 89' lang='lat' dir='ltr'>montis:</span> <span class='ocrx_word' id='word_1_317' title='bbox 1440 3969 1471 4033; x_wconf 78' lang='grc' dir='ltr'><strong>Α</strong></span> <span class='ocrx_word' id='word_1_318' title='bbox 1495 3966 1598 4053; x_wconf 89' lang='lat' dir='ltr'>parte</span> <span class='ocrx_word' id='word_1_319' title='bbox 1622 3967 1785 4037; x_wconf 90' lang='lat' dir='ltr'>meridiei</span> <span class='ocrx_word' id='word_1_320' title='bbox 1807 3973 1862 4037; x_wconf 87' lang='lat' dir='ltr'>est</span> <span class='ocrx_word' id='word_1_321' title='bbox 1884 3968 1965 4037; x_wconf 84' lang='lat' dir='ltr'>linis</span> <span class='ocrx_word' id='word_1_322' title='bbox 1987 3969 2106 4036; x_wconf 89' lang='lat' dir='ltr'>media</span> <span class='ocrx_word' id='word_1_323' title='bbox 2129 3969 2208 4054; x_wconf 89' lang='lat' dir='ltr'>ipsa</span> <span class='ocrx_word' id='word_1_324' title='bbox 2230 3987 2360 4038; x_wconf 83' lang='lat' dir='ltr'>serra:</span> <span class='ocrx_word' id='word_1_325' title='bbox 2402 3969 2433 4032; x_wconf 82' lang='grc' dir='ltr'><strong>Α</strong></span> 
     </span>
     <span class='ocr_line' id='line_1_24' title="bbox 572 4111 2433 4210; baseline 0.001 -20"><span class='ocrx_word' id='word_1_326' title='bbox 572 4125 677 4209; x_wconf 86' lang='lat' dir='ltr'>parte</span> <span class='ocrx_word' id='word_1_327' title='bbox 699 4122 848 4191; x_wconf 88' lang='lat' dir='ltr'>orientis</span> <span class='ocrx_word' id='word_1_328' title='bbox 871 4125 926 4190; x_wconf 88' lang='lat' dir='ltr'>est</span> <span class='ocrx_word' id='word_1_329' title='bbox 947 4121 1028 4190; x_wconf 83' lang='lat' dir='ltr'>finis</span> <span class='ocrx_word' id='word_1_330' title='bbox 1051 4121 1169 4200; x_wconf 92' lang='lat' dir='ltr'>illud,</span> <span class='ocrx_word' id='word_1_331' title='bbox 1210 4123 1303 4209; x_wconf 91' lang='lat' dir='ltr'>quod</span> <span class='ocrx_word' id='word_1_332' title='bbox 1327 4121 1367 4188; x_wconf 93' lang='lat' dir='ltr'>in</span> <span class='ocrx_word' id='word_1_333' title='bbox 1390 4111 1499 4188; x_wconf 81' lang='lat' dir='ltr'>tertia</span> <span class='ocrx_word' id='word_1_334' title='bbox 1522 4125 1617 4188; x_wconf 90' lang='lat' dir='ltr'>sorte</span> <span class='ocrx_word' id='word_1_335' title='bbox 1640 4121 1907 4209; x_wconf 89' lang='lat' dir='ltr'>adiungendum</span> <span class='ocrx_word' id='word_1_336' title='bbox 1931 4125 1997 4189; x_wconf 87' lang='lat' dir='ltr'>est.</span> <span class='ocrx_word' id='word_1_337' title='bbox 2040 4125 2084 4188; x_wconf 83' lang='lat' dir='ltr'>Et</span> <span class='ocrx_word' id='word_1_338' title='bbox 2113 4124 2313 4210; x_wconf 88' lang='lat' dir='ltr'>peripsam</span> <span class='ocrx_word' id='word_1_339' title='bbox 2337 4123 2433 4192; x_wconf 83' lang='lat' dir='ltr'>viam</span> 
     </span>
    </p>
   </div>
   <div class='ocr_carea' id='block_1_3' title="bbox 574 4275 2433 4366">
    <p class='ocr_par' dir='ltr' id='par_1_3' title="bbox 574 4275 2433 4366">
     <span class='ocr_line' id='line_1_25' title="bbox 574 4275 2433 4366; baseline 0 -20"><span class='ocrx_word' id='word_1_340' title='bbox 574 4281 629 4346; x_wconf 90' lang='lat' dir='ltr'>est</span> <span class='ocrx_word' id='word_1_341' title='bbox 650 4279 721 4348; x_wconf 87' lang='lat' dir='ltr'>ista</span> <span class='ocrx_word' id='word_1_342' title='bbox 744 4297 819 4347; x_wconf 89' lang='lat' dir='ltr'>sors</span> <span class='ocrx_word' id='word_1_343' title='bbox 843 4281 920 4348; x_wconf 83' lang='lat' dir='ltr'>late</span> <span class='ocrx_word' id='word_1_344' title='bbox 942 4279 1038 4366; x_wconf 88' lang='lat' dir='ltr'>passi</span> <span class='ocrx_word' id='word_1_345' title='bbox 1062 4280 1204 4346; x_wconf 88' lang='lat' dir='ltr'>centum</span> <span class='ocrx_word' id='word_1_346' title='bbox 1229 4275 1474 4364; x_wconf 83' lang='lat' dir='ltr'>quadraginta</span> <span class='ocrx_word' id='word_1_347' title='bbox 1495 4281 1573 4344; x_wconf 87' lang='lat' dir='ltr'>octo</span> <span class='ocrx_word' id='word_1_348' title='bbox 1614 4279 1659 4344; x_wconf 85' lang='lat' dir='ltr'>Et</span> <span class='ocrx_word' id='word_1_349' title='bbox 1681 4276 1832 4346; x_wconf 83' lang='lat' dir='ltr'>adiunxi</span> <span class='ocrx_word' id='word_1_350' title='bbox 1856 4278 1893 4344; x_wconf 92' lang='lat' dir='ltr'>in</span> <span class='ocrx_word' id='word_1_351' title='bbox 1917 4277 1988 4345; x_wconf 90' lang='lat' dir='ltr'>ista</span> <span class='ocrx_word' id='word_1_352' title='bbox 2010 4280 2106 4345; x_wconf 89' lang='lat' dir='ltr'>sorte</span> <span class='ocrx_word' id='word_1_353' title='bbox 2129 4280 2274 4356; x_wconf 88' lang='lat' dir='ltr'>sortem,</span> <span class='ocrx_word' id='word_1_354' title='bbox 2302 4297 2371 4366; x_wconf 89' lang='lat' dir='ltr'>que</span> <span class='ocrx_word' id='word_1_355' title='bbox 2393 4277 2433 4346; x_wconf 88' lang='lat' dir='ltr'>in</span> 
     </span>
    </p>
   </div>
   <div class='ocr_carea' id='block_1_4' title="bbox 573 4393 2432 4522">
    <p class='ocr_par' dir='ltr' id='par_1_4' title="bbox 573 4393 2432 4522">
     <span class='ocr_line' id='line_1_26' title="bbox 573 4393 2432 4522; baseline -0.003 -18"><span class='ocrx_word' id='word_1_356' title='bbox 573 4413 809 4506; x_wconf 77' lang='lat' dir='ltr'>medio&#39;lacta</span> <span class='ocrx_word' id='word_1_357' title='bbox 831 4439 886 4504; x_wconf 90' lang='lat' dir='ltr'>est</span> <span class='ocrx_word' id='word_1_358' title='bbox 907 4433 952 4504; x_wconf 90' lang='lat' dir='ltr'>de</span> <span class='ocrx_word' id='word_1_359' title='bbox 975 4435 1053 4522; x_wconf 88' lang='lat' dir='ltr'>ipsa</span> <span class='ocrx_word' id='word_1_360' title='bbox 1076 4438 1176 4502; x_wconf 88' lang='lat' dir='ltr'>terra</span> <span class='ocrx_word' id='word_1_361' title='bbox 1199 4435 1344 4502; x_wconf 90' lang='lat' dir='ltr'>illorum</span> <span class='ocrx_word' id='word_1_362' title='bbox 1368 4434 1412 4502; x_wconf 89' lang='lat' dir='ltr'>de</span> <span class='ocrx_word' id='word_1_363' title='bbox 1435 4393 1681 4520; x_wconf 76' lang='lat' dir='ltr'>suprascripto</span> <span class='ocrx_word' id='word_1_364' title='bbox 1699 4432 1775 4502; x_wconf 91' lang='lat' dir='ltr'>loco</span> <span class='ocrx_word' id='word_1_365' title='bbox 1800 4435 1890 4510; x_wconf 85' lang='lat' dir='ltr'>rota,</span> <span class='ocrx_word' id='word_1_366' title='bbox 1909 4450 1978 4518; x_wconf 88' lang='lat' dir='ltr'>quc</span> <span class='ocrx_word' id='word_1_367' title='bbox 2000 4435 2056 4499; x_wconf 88' lang='lat' dir='ltr'>est</span> <span class='ocrx_word' id='word_1_368' title='bbox 2077 4450 2141 4517; x_wconf 90' lang='lat' dir='ltr'>per</span> <span class='ocrx_word' id='word_1_369' title='bbox 2163 4433 2251 4499; x_wconf 84' lang='lat' dir='ltr'>fines</span> <span class='ocrx_word' id='word_1_370' title='bbox 2273 4433 2310 4497; x_wconf 90' lang='grc' dir='ltr'><strong>θῖ</strong></span> <span class='ocrx_word' id='word_1_371' title='bbox 2332 4449 2432 4498; x_wconf 88' lang='lat' dir='ltr'>men·</span> 
     </span>
    </p>
   </div>
   <div class='ocr_carea' id='block_1_5' title="bbox 571 4584 2433 4676">
    <p class='ocr_par' dir='ltr' id='par_1_5' title="bbox 571 4584 2433 4676">
     <span class='ocr_line' id='line_1_27' title="bbox 571 4584 2433 4676; baseline -0.003 -18"><span class='ocrx_word' id='word_1_372' title='bbox 571 4607 688 4658; x_wconf 89' lang='lat' dir='ltr'>suras:</span> <span class='ocrx_word' id='word_1_373' title='bbox 714 4592 744 4656; x_wconf 78' lang='lat' dir='ltr'>A</span> <span class='ocrx_word' id='word_1_374' title='bbox 767 4595 871 4676; x_wconf 86' lang='lat' dir='ltr'>parte</span> <span class='ocrx_word' id='word_1_375' title='bbox 893 4589 1043 4658; x_wconf 90' lang='lat' dir='ltr'>orientis</span> <span class='ocrx_word' id='word_1_376' title='bbox 1066 4591 1122 4656; x_wconf 88' lang='lat' dir='ltr'>est</span> <span class='ocrx_word' id='word_1_377' title='bbox 1144 4587 1225 4654; x_wconf 86' lang='lat' dir='ltr'>fluis</span> <span class='ocrx_word' id='word_1_378' title='bbox 1249 4587 1366 4666; x_wconf 91' lang='lat' dir='ltr'>illud,</span> <span class='ocrx_word' id='word_1_379' title='bbox 1392 4587 1484 4674; x_wconf 92' lang='lat' dir='ltr'>quod</span> <span class='ocrx_word' id='word_1_380' title='bbox 1508 4587 1548 4655; x_wconf 94' lang='lat' dir='ltr'>in</span> <span class='ocrx_word' id='word_1_381' title='bbox 1571 4587 1650 4673; x_wconf 89' lang='lat' dir='ltr'>ipsa</span> <span class='ocrx_word' id='word_1_382' title='bbox 1673 4585 1790 4674; x_wconf 84' lang='lat' dir='ltr'>prima</span> <span class='ocrx_word' id='word_1_383' title='bbox 1812 4588 1908 4652; x_wconf 89' lang='lat' dir='ltr'>sorte</span> <span class='ocrx_word' id='word_1_384' title='bbox 1932 4585 2140 4653; x_wconf 89' lang='lat' dir='ltr'>adiunctum</span> <span class='ocrx_word' id='word_1_385' title='bbox 2165 4586 2220 4652; x_wconf 88' lang='lat' dir='ltr'>est</span> <span class='ocrx_word' id='word_1_386' title='bbox 2238 4584 2253 4649; x_wconf 76' lang='grc' dir='ltr'>τ’</span> <span class='ocrx_word' id='word_1_387' title='bbox 2272 4587 2303 4652; x_wconf 83' lang='grc' dir='ltr'><strong>Α</strong></span> <span class='ocrx_word' id='word_1_388' title='bbox 2326 4587 2433 4672; x_wconf 90' lang='lat' dir='ltr'>parte</span> 
     </span>
    </p>
   </div>
   <div class='ocr_carea' id='block_1_6' title="bbox 571 4739 2434 4834">
    <p class='ocr_par' dir='ltr' id='par_1_6' title="bbox 571 4739 2434 4834">
     <span class='ocr_line' id='line_1_28' title="bbox 571 4739 2434 4834; baseline -0.005 -18"><span class='ocrx_word' id='word_1_389' title='bbox 571 4747 836 4834; x_wconf 82' lang='lat' dir='ltr'>septemtrionis</span> <span class='ocrx_word' id='word_1_390' title='bbox 857 4749 913 4814; x_wconf 86' lang='lat' dir='ltr'>est</span> <span class='ocrx_word' id='word_1_391' title='bbox 934 4746 1015 4814; x_wconf 83' lang='lat' dir='ltr'>finis</span> <span class='ocrx_word' id='word_1_392' title='bbox 1038 4746 1117 4834; x_wconf 86' lang='lat' dir='ltr'>ipsa</span> <span class='ocrx_word' id='word_1_393' title='bbox 1140 4746 1260 4813; x_wconf 86' lang='lat' dir='ltr'>viaet</span> <span class='ocrx_word' id='word_1_394' title='bbox 1283 4763 1346 4830; x_wconf 89' lang='lat' dir='ltr'>per</span> <span class='ocrx_word' id='word_1_395' title='bbox 1369 4762 1448 4810; x_wconf 85' lang='lat' dir='ltr'>earn</span> <span class='ocrx_word' id='word_1_396' title='bbox 1472 4744 1669 4811; x_wconf 87' lang='lat' dir='ltr'>mensurati</span> <span class='ocrx_word' id='word_1_397' title='bbox 1693 4741 1787 4826; x_wconf 84' lang='lat' dir='ltr'>passi</span> <span class='ocrx_word' id='word_1_398' title='bbox 1810 4739 2071 4828; x_wconf 83' lang='lat' dir='ltr'>quinquaginta</span> <span class='ocrx_word' id='word_1_399' title='bbox 2094 4741 2242 4826; x_wconf 84' lang='lat' dir='ltr'>septem.</span> <span class='ocrx_word' id='word_1_400' title='bbox 2282 4741 2327 4807; x_wconf 88' lang='grc' dir='ltr'><strong>Εῖ</strong></span> <span class='ocrx_word' id='word_1_401' title='bbox 2348 4739 2434 4808; x_wconf 89' lang='lat' dir='ltr'>inde</span> 
     </span>
    </p>
   </div>
   <div class='ocr_carea' id='block_1_7' title="bbox 572 5049 2433 5761">
    <p class='ocr_par' dir='ltr' id='par_1_7' title="bbox 572 5049 2433 5761">
     <span class='ocr_line' id='line_1_29' title="bbox 572 5049 2432 5142; baseline -0.003 -18"><span class='ocrx_word' id='word_1_402' title='bbox 572 5053 841 5140; x_wconf 88' lang='lat' dir='ltr'>adiungendum</span> <span class='ocrx_word' id='word_1_403' title='bbox 863 5059 929 5132; x_wconf 89' lang='grc' dir='ltr'><strong>θεῖ,</strong></span> <span class='ocrx_word' id='word_1_404' title='bbox 956 5055 1051 5141; x_wconf 87' lang='lat' dir='ltr'>passi</span> <span class='ocrx_word' id='word_1_405' title='bbox 1074 5056 1306 5142; x_wconf 79' lang='lat' dir='ltr'>septuaginta</span> <span class='ocrx_word' id='word_1_406' title='bbox 1329 5057 1499 5141; x_wconf 90' lang='lat' dir='ltr'>quattuor</span> <span class='ocrx_word' id='word_1_407' title='bbox 1523 5071 1634 5140; x_wconf 89' lang='lat' dir='ltr'>usque</span> <span class='ocrx_word' id='word_1_408' title='bbox 1657 5053 1694 5119; x_wconf 87' lang='lat' dir='ltr'>in</span> <span class='ocrx_word' id='word_1_409' title='bbox 1718 5050 1920 5127; x_wconf 85' lang='lat' dir='ltr'>termitem,</span> <span class='ocrx_word' id='word_1_410' title='bbox 1947 5049 2009 5136; x_wconf 90' lang='lat' dir='ltr'>qui</span> <span class='ocrx_word' id='word_1_411' title='bbox 2033 5050 2083 5118; x_wconf 90' lang='lat' dir='ltr'>ibi</span> <span class='ocrx_word' id='word_1_412' title='bbox 2105 5051 2200 5118; x_wconf 78' lang='lat' dir='ltr'>fisus</span> <span class='ocrx_word' id='word_1_413' title='bbox 2222 5054 2288 5118; x_wconf 88' lang='lat' dir='ltr'>est.</span> <span class='ocrx_word' id='word_1_414' title='bbox 2316 5053 2361 5118; x_wconf 87' lang='lat' dir='ltr'>Et</span> <span class='ocrx_word' id='word_1_415' title='bbox 2383 5049 2432 5118; x_wconf 86' lang='lat' dir='ltr'>ab</span> 
     </span>
     <span class='ocr_line' id='line_1_30' title="bbox 573 5203 2432 5298; baseline -0.004 -19"><span class='ocrx_word' id='word_1_416' title='bbox 573 5211 649 5298; x_wconf 87' lang='lat' dir='ltr'>ipso</span> <span class='ocrx_word' id='word_1_417' title='bbox 674 5209 820 5276; x_wconf 89' lang='lat' dir='ltr'>termite</span> <span class='ocrx_word' id='word_1_418' title='bbox 842 5209 979 5276; x_wconf 80' lang='lat' dir='ltr'>rectum</span> <span class='ocrx_word' id='word_1_419' title='bbox 1004 5209 1231 5278; x_wconf 87' lang='lat' dir='ltr'>trabcrsante</span> <span class='ocrx_word' id='word_1_420' title='bbox 1254 5207 1362 5276; x_wconf 84' lang='lat' dir='ltr'>istam</span> <span class='ocrx_word' id='word_1_421' title='bbox 1383 5211 1514 5275; x_wconf 87' lang='lat' dir='ltr'>sortem</span> <span class='ocrx_word' id='word_1_422' title='bbox 1540 5207 1709 5294; x_wconf 90' lang='lat' dir='ltr'>usquein</span> <span class='ocrx_word' id='word_1_423' title='bbox 1726 5203 1904 5272; x_wconf 85' lang='lat' dir='ltr'>termitem</span> <span class='ocrx_word' id='word_1_424' title='bbox 1928 5204 1990 5291; x_wconf 87' lang='lat' dir='ltr'>qui</span> <span class='ocrx_word' id='word_1_425' title='bbox 2013 5205 2106 5272; x_wconf 80' lang='lat' dir='ltr'>fixus</span> <span class='ocrx_word' id='word_1_426' title='bbox 2130 5208 2184 5273; x_wconf 88' lang='lat' dir='ltr'>est</span> <span class='ocrx_word' id='word_1_427' title='bbox 2205 5206 2302 5272; x_wconf 86' lang='lat' dir='ltr'>inter</span> <span class='ocrx_word' id='word_1_428' title='bbox 2324 5205 2432 5273; x_wconf 86' lang='lat' dir='ltr'>istam</span> 
     </span>
     <span class='ocr_line' id='line_1_31' title="bbox 573 5357 2432 5447; baseline -0.002 -16"><span class='ocrx_word' id='word_1_429' title='bbox 573 5364 706 5431; x_wconf 88' lang='lat' dir='ltr'>sortem</span> <span class='ocrx_word' id='word_1_430' title='bbox 729 5363 767 5427; x_wconf 91' lang='grc' dir='ltr'><strong>θῖ</strong></span> <span class='ocrx_word' id='word_1_431' title='bbox 789 5357 892 5437; x_wconf 90' lang='lat' dir='ltr'>illud,</span> <span class='ocrx_word' id='word_1_432' title='bbox 911 5359 1004 5447; x_wconf 90' lang='lat' dir='ltr'>quod</span> <span class='ocrx_word' id='word_1_433' title='bbox 1028 5361 1066 5428; x_wconf 90' lang='lat' dir='ltr'>in</span> <span class='ocrx_word' id='word_1_434' title='bbox 1089 5361 1166 5446; x_wconf 83' lang='lat' dir='ltr'>ipsa</span> <span class='ocrx_word' id='word_1_435' title='bbox 1190 5361 1307 5446; x_wconf 84' lang='lat' dir='ltr'>prima</span> <span class='ocrx_word' id='word_1_436' title='bbox 1330 5365 1425 5427; x_wconf 90' lang='lat' dir='ltr'>sorte</span> <span class='ocrx_word' id='word_1_437' title='bbox 1448 5360 1656 5427; x_wconf 88' lang='lat' dir='ltr'>adiunctum</span> <span class='ocrx_word' id='word_1_438' title='bbox 1680 5365 1746 5434; x_wconf 84' lang='lat' dir='ltr'>ost,</span> <span class='ocrx_word' id='word_1_439' title='bbox 1764 5363 1859 5444; x_wconf 85' lang='lat' dir='ltr'>passi</span> <span class='ocrx_word' id='word_1_440' title='bbox 1876 5357 2113 5445; x_wconf 82' lang='lat' dir='ltr'>septuaginta</span> <span class='ocrx_word' id='word_1_441' title='bbox 2130 5362 2167 5426; x_wconf 89' lang='lat' dir='ltr'>ct</span> <span class='ocrx_word' id='word_1_442' title='bbox 2191 5377 2295 5426; x_wconf 89' lang='lat' dir='ltr'>unus.</span> <span class='ocrx_word' id='word_1_443' title='bbox 2324 5361 2369 5428; x_wconf 80' lang='lat' dir='ltr'>nt</span> <span class='ocrx_word' id='word_1_444' title='bbox 2383 5363 2432 5428; x_wconf 86' lang='lat' dir='ltr'>ab</span> 
     </span>
     <span class='ocr_line' id='line_1_32' title="bbox 575 5513 2433 5604; baseline -0.001 -20"><span class='ocrx_word' id='word_1_445' title='bbox 575 5516 650 5604; x_wconf 91' lang='lat' dir='ltr'>ipso</span> <span class='ocrx_word' id='word_1_446' title='bbox 675 5516 839 5593; x_wconf 88' lang='lat' dir='ltr'>termite,</span> <span class='ocrx_word' id='word_1_447' title='bbox 866 5516 926 5582; x_wconf 93' lang='lat' dir='ltr'>ubi</span> <span class='ocrx_word' id='word_1_448' title='bbox 949 5515 1116 5601; x_wconf 90' lang='lat' dir='ltr'>completi</span> <span class='ocrx_word' id='word_1_449' title='bbox 1140 5515 1285 5582; x_wconf 82' lang='lat' dir='ltr'>fuerant</span> <span class='ocrx_word' id='word_1_450' title='bbox 1308 5513 1375 5601; x_wconf 91' lang='lat' dir='ltr'>ipsi</span> <span class='ocrx_word' id='word_1_451' title='bbox 1399 5516 1630 5602; x_wconf 84' lang='lat' dir='ltr'>septuaginta</span> <span class='ocrx_word' id='word_1_452' title='bbox 1653 5517 1822 5602; x_wconf 87' lang='lat' dir='ltr'>quattuor</span> <span class='ocrx_word' id='word_1_453' title='bbox 1845 5513 1972 5601; x_wconf 84' lang='lat' dir='ltr'>passi,</span> <span class='ocrx_word' id='word_1_454' title='bbox 1993 5518 2089 5582; x_wconf 87' lang='lat' dir='ltr'>recte</span> <span class='ocrx_word' id='word_1_455' title='bbox 2112 5513 2295 5582; x_wconf 84' lang='lat' dir='ltr'>descendit</span> <span class='ocrx_word' id='word_1_456' title='bbox 2318 5533 2433 5602; x_wconf 86' lang='lat' dir='ltr'>usque</span> 
     </span>
     <span class='ocr_line' id='line_1_33' title="bbox 573 5668 2427 5761; baseline -0.002 -20"><span class='ocrx_word' id='word_1_457' title='bbox 573 5673 690 5761; x_wconf 89' lang='lat' dir='ltr'>ipsum</span> <span class='ocrx_word' id='word_1_458' title='bbox 713 5672 859 5740; x_wconf 86' lang='lat' dir='ltr'>fluvium</span> <span class='ocrx_word' id='word_1_459' title='bbox 883 5689 969 5760; x_wconf 84' lang='lat' dir='ltr'>erga</span> <span class='ocrx_word' id='word_1_460' title='bbox 992 5669 1094 5749; x_wconf 91' lang='lat' dir='ltr'>illud,</span> <span class='ocrx_word' id='word_1_461' title='bbox 1114 5669 1208 5758; x_wconf 91' lang='lat' dir='ltr'>quod</span> <span class='ocrx_word' id='word_1_462' title='bbox 1224 5669 1262 5737; x_wconf 91' lang='lat' dir='ltr'>in</span> <span class='ocrx_word' id='word_1_463' title='bbox 1279 5670 1389 5737; x_wconf 84' lang='lat' dir='ltr'>tertia</span> <span class='ocrx_word' id='word_1_464' title='bbox 1403 5675 1498 5738; x_wconf 86' lang='lat' dir='ltr'>sorte</span> <span class='ocrx_word' id='word_1_465' title='bbox 1522 5669 1788 5756; x_wconf 86' lang='lat' dir='ltr'>adiungendum</span> <span class='ocrx_word' id='word_1_466' title='bbox 1812 5675 1878 5747; x_wconf 89' lang='lat' dir='ltr'>est,</span> <span class='ocrx_word' id='word_1_467' title='bbox 1904 5671 1998 5756; x_wconf 86' lang='lat' dir='ltr'>passi</span> <span class='ocrx_word' id='word_1_468' title='bbox 2015 5673 2159 5737; x_wconf 91' lang='lat' dir='ltr'>centum</span> <span class='ocrx_word' id='word_1_469' title='bbox 2175 5668 2329 5754; x_wconf 86' lang='lat' dir='ltr'>triginta</span> <span class='ocrx_word' id='word_1_470' title='bbox 2343 5669 2427 5738; x_wconf 90' lang='lat' dir='ltr'>duo.</span> 
     </span>
    </p>
   </div>
   <div class='ocr_carea' id='block_1_8' title="bbox 579 5821 2430 5912">
    <p class='ocr_par' dir='ltr' id='par_1_8' title="bbox 579 5821 2430 5912">
     <span class='ocr_line' id='line_1_34' title="bbox 579 5821 2430 5912; baseline -0.002 -19"><span class='ocrx_word' id='word_1_471' title='bbox 579 5827 633 5893; x_wconf 88' lang='lat' dir='ltr'>Ab</span> <span class='ocrx_word' id='word_1_472' title='bbox 656 5825 734 5912; x_wconf 86' lang='lat' dir='ltr'>ipsa</span> <span class='ocrx_word' id='word_1_473' title='bbox 757 5827 861 5910; x_wconf 88' lang='lat' dir='ltr'>parte</span> <span class='ocrx_word' id='word_1_474' title='bbox 883 5821 1047 5890; x_wconf 89' lang='lat' dir='ltr'>meridiei</span> <span class='ocrx_word' id='word_1_475' title='bbox 1071 5821 1163 5908; x_wconf 86' lang='lat' dir='ltr'>passi</span> <span class='ocrx_word' id='word_1_476' title='bbox 1188 5821 1380 5908; x_wconf 80' lang='lat' dir='ltr'>sexaginta</span> <span class='ocrx_word' id='word_1_477' title='bbox 1403 5826 1584 5909; x_wconf 89' lang='lat' dir='ltr'>quattuor.</span> <span class='ocrx_word' id='word_1_478' title='bbox 1622 5825 1666 5890; x_wconf 89' lang='lat' dir='ltr'>Et</span> <span class='ocrx_word' id='word_1_479' title='bbox 1688 5823 1838 5892; x_wconf 86' lang='lat' dir='ltr'>adiunxi</span> <span class='ocrx_word' id='word_1_480' title='bbox 1862 5823 1899 5891; x_wconf 91' lang='lat' dir='ltr'>in</span> <span class='ocrx_word' id='word_1_481' title='bbox 1923 5825 1993 5891; x_wconf 88' lang='lat' dir='ltr'>ista</span> <span class='ocrx_word' id='word_1_482' title='bbox 2026 5826 2119 5890; x_wconf 84' lang='lat' dir='ltr'>sorte</span> <span class='ocrx_word' id='word_1_483' title='bbox 2154 5821 2262 5890; x_wconf 88' lang='lat' dir='ltr'>aliam</span> <span class='ocrx_word' id='word_1_484' title='bbox 2294 5822 2430 5908; x_wconf 84' lang='lat' dir='ltr'>peciam</span> 
     </span>
    </p>
   </div>
   <div class='ocr_carea' id='block_1_9' title="bbox 0 0 2732 7104">
    <p class='ocr_par' dir='ltr' id='par_1_9' title="bbox 0 0 2732 7104">
     <span class='ocr_line' id='line_1_35' title="bbox 0 0 2732 7104; baseline 0 1"><span class='ocrx_word' id='word_1_485' title='bbox 0 0 2732 7104; x_wconf 95' lang='lat' dir='ltr'> </span> 
     </span>
    </p>
   </div>
  </div>
 </body>
</html>
