<?xml version="1.0" encoding="UTF-8"?>
<!DOCTYPE html PUBLIC "-//W3C//DTD XHTML 1.0 Transitional//EN"
    "http://www.w3.org/TR/xhtml1/DTD/xhtml1-transitional.dtd">
<html xmlns="http://www.w3.org/1999/xhtml" xml:lang="en" lang="en">
 <head>
  <title>
</title>
<meta http-equiv="Content-Type" content="text/html;charset=utf-8" />
  <meta name='ocr-system' content='tesseract 3.04.00' />
  <meta name='ocr-capabilities' content='ocr_page ocr_carea ocr_par ocr_line ocrx_word'/>
</head>
<body>
  <div class='ocr_page' id='page_1' title='image "./codexdiplomatic01aragoog_0328.png"; bbox 0 0 5372 7106; ppageno 0'>
   <div class='ocr_carea' id='block_1_1' title="bbox 618 477 1745 564">
    <p class='ocr_par' dir='ltr' id='par_1_1' title="bbox 618 477 1745 564">
     <span class='ocr_line' id='line_1_1' title="bbox 618 477 1745 564; baseline -0.01 -2"><span class='ocrx_word' id='word_1_1' title='bbox 618 487 705 564; x_wconf 67' lang='lat' dir='ltr'>stt</span> <span class='ocrx_word' id='word_1_2' title='bbox 1269 478 1444 554; x_wconf 83' lang='lat' dir='ltr'>CODEX</span> <span class='ocrx_word' id='word_1_3' title='bbox 1477 477 1745 562; x_wconf 70' lang='lat' dir='ltr'>cavensis</span> 
     </span>
    </p>
   </div>
   <div class='ocr_carea' id='block_1_2' title="bbox 577 671 2437 2304">
    <p class='ocr_par' dir='ltr' id='par_1_2' title="bbox 577 671 2437 2304">
     <span class='ocr_line' id='line_1_2' title="bbox 580 671 2422 770; baseline -0.004 -16"><span class='ocrx_word' id='word_1_4' title='bbox 580 703 640 754; x_wconf 89' lang='lat' dir='ltr'>res</span> <span class='ocrx_word' id='word_1_5' title='bbox 665 684 744 770; x_wconf 80' lang='lat' dir='ltr'>ipse</span> <span class='ocrx_word' id='word_1_6' title='bbox 766 699 848 750; x_wconf 88' lang='lat' dir='ltr'>mea</span> <span class='ocrx_word' id='word_1_7' title='bbox 869 683 1041 756; x_wconf 84' lang='lat' dir='ltr'>sortione,</span> <span class='ocrx_word' id='word_1_8' title='bbox 1066 677 1224 766; x_wconf 81' lang='lat' dir='ltr'><strong>qualiter</strong></span> <span class='ocrx_word' id='word_1_9' title='bbox 1246 675 1383 744; x_wconf 90' lang='lat' dir='ltr'>dictum</span> <span class='ocrx_word' id='word_1_10' title='bbox 1405 676 1484 752; x_wconf 87' lang='lat' dir='ltr'>eet,</span> <span class='ocrx_word' id='word_1_11' title='bbox 1508 675 1620 743; x_wconf 86' lang='lat' dir='ltr'>sortic</span> <span class='ocrx_word' id='word_1_12' title='bbox 1642 680 1680 742; x_wconf 91' lang='lat' dir='ltr'>et</span> <span class='ocrx_word' id='word_1_13' title='bbox 1704 673 1783 742; x_wconf 87' lang='lat' dir='ltr'>fluis</span> <span class='ocrx_word' id='word_1_14' title='bbox 1807 671 2121 760; x_wconf 82' lang='lat' dir='ltr'>angnoscendum,</span> <span class='ocrx_word' id='word_1_15' title='bbox 2146 672 2188 738; x_wconf 92' lang='lat' dir='ltr'>ut</span> <span class='ocrx_word' id='word_1_16' title='bbox 2209 688 2275 758; x_wconf 78' lang='lat' dir='ltr'>ego</span> <span class='ocrx_word' id='word_1_17' title='bbox 2296 672 2422 763; x_wconf 79' lang='lat' dir='ltr'>meique</span> 
     </span>
     <span class='ocr_line' id='line_1_3' title="bbox 582 791 2422 922; baseline -0.005 -17"><span class='ocrx_word' id='word_1_18' title='bbox 582 837 708 906; x_wconf 87' lang='lat' dir='ltr'>eredes</span> <span class='ocrx_word' id='word_1_19' title='bbox 731 853 796 922; x_wconf 91' lang='lat' dir='ltr'>per</span> <span class='ocrx_word' id='word_1_20' title='bbox 819 832 1001 920; x_wconf 83' lang='lat' dir='ltr'>nosipsos</span> <span class='ocrx_word' id='word_1_21' title='bbox 1024 829 1238 918; x_wconf 85' lang='lat' dir='ltr'>perbeniat,</span> <span class='ocrx_word' id='word_1_22' title='bbox 1274 791 1314 896; x_wconf 88' lang='lat' dir='ltr'>at</span> <span class='ocrx_word' id='word_1_23' title='bbox 1335 828 1528 897; x_wconf 87' lang='lat' dir='ltr'>ridendum</span> <span class='ocrx_word' id='word_1_24' title='bbox 1554 831 1651 897; x_wconf 90' lang='lat' dir='ltr'>bobis</span> <span class='ocrx_word' id='word_1_25' title='bbox 1675 827 1792 914; x_wconf 91' lang='lat' dir='ltr'>ipsum</span> <span class='ocrx_word' id='word_1_26' title='bbox 1816 828 1980 894; x_wconf 90' lang='lat' dir='ltr'>nostrum</span> <span class='ocrx_word' id='word_1_27' title='bbox 2015 827 2204 894; x_wconf 90' lang='lat' dir='ltr'>roboreum</span> <span class='ocrx_word' id='word_1_28' title='bbox 2237 823 2422 912; x_wconf 89' lang='lat' dir='ltr'>scriptum,</span> 
     </span>
     <span class='ocr_line' id='line_1_4' title="bbox 580 979 2427 1078; baseline -0.004 -20"><span class='ocrx_word' id='word_1_29' title='bbox 580 990 742 1078; x_wconf 91' lang='lat' dir='ltr'>qualiter</span> <span class='ocrx_word' id='word_1_30' title='bbox 765 987 856 1056; x_wconf 93' lang='lat' dir='ltr'>illud</span> <span class='ocrx_word' id='word_1_31' title='bbox 880 1006 962 1056; x_wconf 92' lang='lat' dir='ltr'>cnm</span> <span class='ocrx_word' id='word_1_32' title='bbox 986 985 1118 1055; x_wconf 90' lang='lat' dir='ltr'>nostris</span> <span class='ocrx_word' id='word_1_33' title='bbox 1141 983 1361 1054; x_wconf 78' lang='lat' dir='ltr'><strong>consortibus</strong></span> <span class='ocrx_word' id='word_1_34' title='bbox 1385 982 1612 1060; x_wconf 79' lang='lat' dir='ltr'>retinuimus,</span> <span class='ocrx_word' id='word_1_35' title='bbox 1646 984 1687 1049; x_wconf 90' lang='lat' dir='ltr'>ut</span> <span class='ocrx_word' id='word_1_36' title='bbox 1709 982 1786 1068; x_wconf 88' lang='lat' dir='ltr'>ipse</span> <span class='ocrx_word' id='word_1_37' title='bbox 1809 983 1917 1050; x_wconf 88' lang='lat' dir='ltr'>rebus</span> <span class='ocrx_word' id='word_1_38' title='bbox 1939 983 1977 1048; x_wconf 89' lang='lat' dir='ltr'>et</span> <span class='ocrx_word' id='word_1_39' title='bbox 1999 979 2082 1048; x_wconf 86' lang='lat' dir='ltr'>finis</span> <span class='ocrx_word' id='word_1_40' title='bbox 2103 982 2141 1047; x_wconf 91' lang='lat' dir='ltr'>et</span> <span class='ocrx_word' id='word_1_41' title='bbox 2162 979 2351 1048; x_wconf 91' lang='lat' dir='ltr'>sortionem</span> <span class='ocrx_word' id='word_1_42' title='bbox 2371 1001 2427 1050; x_wconf 87' lang='lat' dir='ltr'>an-</span> 
     </span>
     <span class='ocr_line' id='line_1_5' title="bbox 577 1133 2427 1230; baseline -0.002 -19"><span class='ocrx_word' id='word_1_43' title='bbox 577 1142 774 1230; x_wconf 81' lang='lat' dir='ltr'>gnoscatis,</span> <span class='ocrx_word' id='word_1_44' title='bbox 800 1143 838 1210; x_wconf 91' lang='lat' dir='ltr'>et</span> <span class='ocrx_word' id='word_1_45' title='bbox 859 1139 1067 1218; x_wconf 81' lang='lat' dir='ltr'>sartionem,</span> <span class='ocrx_word' id='word_1_46' title='bbox 1091 1139 1186 1208; x_wconf 85' lang='lat' dir='ltr'>sieut</span> <span class='ocrx_word' id='word_1_47' title='bbox 1207 1135 1371 1226; x_wconf 89' lang='lat' dir='ltr'>superius</span> <span class='ocrx_word' id='word_1_48' title='bbox 1394 1135 1529 1206; x_wconf 92' lang='lat' dir='ltr'>dictum</span> <span class='ocrx_word' id='word_1_49' title='bbox 1554 1140 1636 1214; x_wconf 85' lang='lat' dir='ltr'>est,</span> <span class='ocrx_word' id='word_1_50' title='bbox 1662 1135 1859 1223; x_wconf 85' lang='lat' dir='ltr'>recipiatis.</span> <span class='ocrx_word' id='word_1_51' title='bbox 1900 1137 1945 1203; x_wconf 83' lang='lat' dir='ltr'>st</span> <span class='ocrx_word' id='word_1_52' title='bbox 1967 1137 2061 1220; x_wconf 85' lang='lat' dir='ltr'>hege</span> <span class='ocrx_word' id='word_1_53' title='bbox 2083 1133 2258 1222; x_wconf 87' lang='lat' dir='ltr'>meipsum</span> <span class='ocrx_word' id='word_1_54' title='bbox 2280 1139 2427 1221; x_wconf 80' lang='lat' dir='ltr'>prefatus</span> 
     </span>
     <span class='ocr_line' id='line_1_6' title="bbox 578 1288 2429 1380; baseline -0.002 -16"><span class='ocrx_word' id='word_1_55' title='bbox 578 1295 797 1364; x_wconf 90' lang='lat' dir='ltr'>monasterio</span> <span class='ocrx_word' id='word_1_56' title='bbox 821 1295 1019 1362; x_wconf 86' lang='lat' dir='ltr'>monachus</span> <span class='ocrx_word' id='word_1_57' title='bbox 1043 1291 1250 1370; x_wconf 89' lang='lat' dir='ltr'>constituto,</span> <span class='ocrx_word' id='word_1_58' title='bbox 1270 1293 1414 1380; x_wconf 81' lang='lat' dir='ltr'>utpost</span> <span class='ocrx_word' id='word_1_59' title='bbox 1435 1309 1554 1361; x_wconf 89' lang='lat' dir='ltr'>meum</span> <span class='ocrx_word' id='word_1_60' title='bbox 1577 1293 1738 1362; x_wconf 90' lang='lat' dir='ltr'>hobitum</span> <span class='ocrx_word' id='word_1_61' title='bbox 1763 1291 1801 1358; x_wconf 94' lang='lat' dir='ltr'>in</span> <span class='ocrx_word' id='word_1_62' title='bbox 1824 1288 1947 1359; x_wconf 89' lang='lat' dir='ltr'>eodem</span> <span class='ocrx_word' id='word_1_63' title='bbox 1970 1291 2206 1364; x_wconf 88' lang='lat' dir='ltr'>monasterio,</span> <span class='ocrx_word' id='word_1_64' title='bbox 2238 1289 2294 1356; x_wconf 87' lang='lat' dir='ltr'>rel</span> <span class='ocrx_word' id='word_1_65' title='bbox 2315 1291 2429 1361; x_wconf 85' lang='lat' dir='ltr'>diebus</span> 
     </span>
     <span class='ocr_line' id='line_1_7' title="bbox 577 1444 2429 1536; baseline -0.002 -18"><span class='ocrx_word' id='word_1_66' title='bbox 577 1449 650 1518; x_wconf 83' lang='lat' dir='ltr'>vite</span> <span class='ocrx_word' id='word_1_67' title='bbox 673 1467 763 1528; x_wconf 90' lang='lat' dir='ltr'>mee,</span> <span class='ocrx_word' id='word_1_68' title='bbox 783 1448 916 1518; x_wconf 90' lang='lat' dir='ltr'>ibidem</span> <span class='ocrx_word' id='word_1_69' title='bbox 940 1467 996 1517; x_wconf 91' lang='lat' dir='ltr'>me</span> <span class='ocrx_word' id='word_1_70' title='bbox 1019 1450 1210 1517; x_wconf 73' lang='lat' dir='ltr'>constituo.</span> <span class='ocrx_word' id='word_1_71' title='bbox 1236 1447 1381 1516; x_wconf 81' lang='lat' dir='ltr'>Interea</span> <span class='ocrx_word' id='word_1_72' title='bbox 1403 1465 1471 1535; x_wconf 83' lang='lat' dir='ltr'>ego</span> <span class='ocrx_word' id='word_1_73' title='bbox 1494 1447 1556 1536; x_wconf 95' lang='lat' dir='ltr'>qui</span> <span class='ocrx_word' id='word_1_74' title='bbox 1579 1466 1691 1534; x_wconf 85' lang='lat' dir='ltr'>supra</span> <span class='ocrx_word' id='word_1_75' title='bbox 1713 1446 1830 1514; x_wconf 89' lang='lat' dir='ltr'>dictus</span> <span class='ocrx_word' id='word_1_76' title='bbox 1854 1463 1950 1521; x_wconf 90' lang='lat' dir='ltr'>urso,</span> <span class='ocrx_word' id='word_1_77' title='bbox 1982 1444 2027 1512; x_wconf 91' lang='lat' dir='ltr'>de</span> <span class='ocrx_word' id='word_1_78' title='bbox 2050 1447 2144 1512; x_wconf 81' lang='lat' dir='ltr'>sicut</span> <span class='ocrx_word' id='word_1_79' title='bbox 2165 1461 2222 1510; x_wconf 92' lang='lat' dir='ltr'>me</span> <span class='ocrx_word' id='word_1_80' title='bbox 2245 1445 2429 1514; x_wconf 86' lang='lat' dir='ltr'>voluntatis</span> 
     </span>
     <span class='ocr_line' id='line_1_8' title="bbox 577 1596 2432 1689; baseline -0.003 -17"><span class='ocrx_word' id='word_1_81' title='bbox 577 1602 806 1689; x_wconf 89' lang='lat' dir='ltr'>complacuit,</span> <span class='ocrx_word' id='word_1_82' title='bbox 825 1605 910 1671; x_wconf 90' lang='lat' dir='ltr'>ante</span> <span class='ocrx_word' id='word_1_83' title='bbox 933 1620 1106 1670; x_wconf 84' lang='lat' dir='ltr'>renerum</span> <span class='ocrx_word' id='word_1_84' title='bbox 1129 1601 1313 1670; x_wconf 91' lang='lat' dir='ltr'>hominum</span> <span class='ocrx_word' id='word_1_85' title='bbox 1329 1602 1658 1689; x_wconf 86' lang='lat' dir='ltr'>suprascriptorum</span> <span class='ocrx_word' id='word_1_86' title='bbox 1682 1600 1829 1669; x_wconf 88' lang='lat' dir='ltr'>testium</span> <span class='ocrx_word' id='word_1_87' title='bbox 1852 1599 2021 1667; x_wconf 89' lang='lat' dir='ltr'>confirmo</span> <span class='ocrx_word' id='word_1_88' title='bbox 2044 1617 2114 1666; x_wconf 91' lang='lat' dir='ltr'>unc</span> <span class='ocrx_word' id='word_1_89' title='bbox 2141 1596 2309 1666; x_wconf 88' lang='lat' dir='ltr'>videlicet</span> <span class='ocrx_word' id='word_1_90' title='bbox 2330 1599 2432 1686; x_wconf 87' lang='lat' dir='ltr'>scrip-</span> 
     </span>
     <span class='ocr_line' id='line_1_9' title="bbox 579 1753 2433 1846; baseline 0 -22"><span class='ocrx_word' id='word_1_91' title='bbox 579 1759 656 1846; x_wconf 85' lang='lat' dir='ltr'>tum</span> <span class='ocrx_word' id='word_1_92' title='bbox 680 1775 831 1846; x_wconf 89' lang='lat' dir='ltr'>meaque</span> <span class='ocrx_word' id='word_1_93' title='bbox 854 1755 1056 1833; x_wconf 81' lang='lat' dir='ltr'>offemione,</span> <span class='ocrx_word' id='word_1_94' title='bbox 1082 1757 1123 1824; x_wconf 89' lang='lat' dir='ltr'>ut</span> <span class='ocrx_word' id='word_1_95' title='bbox 1145 1755 1221 1842; x_wconf 90' lang='lat' dir='ltr'>ipse</span> <span class='ocrx_word' id='word_1_96' title='bbox 1244 1755 1395 1824; x_wconf 91' lang='lat' dir='ltr'>domnus</span> <span class='ocrx_word' id='word_1_97' title='bbox 1417 1757 1529 1824; x_wconf 83' lang='lat' dir='ltr'>abbas</span> <span class='ocrx_word' id='word_1_98' title='bbox 1552 1753 1765 1842; x_wconf 88' lang='lat' dir='ltr'>iaquintus,</span> <span class='ocrx_word' id='word_1_99' title='bbox 1790 1757 1828 1822; x_wconf 90' lang='lat' dir='ltr'>et</span> <span class='ocrx_word' id='word_1_100' title='bbox 1849 1769 1915 1822; x_wconf 92' lang='lat' dir='ltr'>suo</span> <span class='ocrx_word' id='word_1_101' title='bbox 1938 1771 2168 1831; x_wconf 86' lang='lat' dir='ltr'>successore,</span> <span class='ocrx_word' id='word_1_102' title='bbox 2192 1754 2230 1820; x_wconf 92' lang='lat' dir='ltr'>et</span> <span class='ocrx_word' id='word_1_103' title='bbox 2253 1771 2338 1838; x_wconf 90' lang='lat' dir='ltr'>pars</span> <span class='ocrx_word' id='word_1_104' title='bbox 2360 1774 2433 1842; x_wconf 94' lang='lat' dir='ltr'>pre-</span> 
     </span>
     <span class='ocr_line' id='line_1_10' title="bbox 579 1906 2435 1996; baseline 0 -18"><span class='ocrx_word' id='word_1_105' title='bbox 579 1908 646 1978; x_wconf 79' lang='lat' dir='ltr'>fati</span> <span class='ocrx_word' id='word_1_106' title='bbox 670 1909 881 1978; x_wconf 89' lang='lat' dir='ltr'>monasterii</span> <span class='ocrx_word' id='word_1_107' title='bbox 904 1911 1033 1978; x_wconf 90' lang='lat' dir='ltr'>cuncte</span> <span class='ocrx_word' id='word_1_108' title='bbox 1055 1909 1302 1996; x_wconf 89' lang='lat' dir='ltr'>suprascripte</span> <span class='ocrx_word' id='word_1_109' title='bbox 1326 1911 1446 1986; x_wconf 91' lang='lat' dir='ltr'>rebus,</span> <span class='ocrx_word' id='word_1_110' title='bbox 1472 1907 1630 1996; x_wconf 80' lang='lat' dir='ltr'>qualiter</span> <span class='ocrx_word' id='word_1_111' title='bbox 1653 1907 1787 1976; x_wconf 91' lang='lat' dir='ltr'>dictum</span> <span class='ocrx_word' id='word_1_112' title='bbox 1811 1911 1877 1984; x_wconf 91' lang='lat' dir='ltr'>est,</span> <span class='ocrx_word' id='word_1_113' title='bbox 1902 1907 2021 1984; x_wconf 89' lang='lat' dir='ltr'>abeat,</span> <span class='ocrx_word' id='word_1_114' title='bbox 2046 1909 2083 1974; x_wconf 91' lang='lat' dir='ltr'>et</span> <span class='ocrx_word' id='word_1_115' title='bbox 2105 1906 2298 1994; x_wconf 89' lang='lat' dir='ltr'>possideat,</span> <span class='ocrx_word' id='word_1_116' title='bbox 2323 1910 2360 1975; x_wconf 92' lang='lat' dir='ltr'>et</span> <span class='ocrx_word' id='word_1_117' title='bbox 2380 1909 2435 1978; x_wconf 77' lang='lat' dir='ltr'>do</span> 
     </span>
     <span class='ocr_line' id='line_1_11' title="bbox 582 2059 2437 2149; baseline 0.001 -20"><span class='ocrx_word' id='word_1_118' title='bbox 582 2061 719 2140; x_wconf 89' lang='lat' dir='ltr'>minet,</span> <span class='ocrx_word' id='word_1_119' title='bbox 745 2064 782 2129; x_wconf 92' lang='lat' dir='ltr'>et</span> <span class='ocrx_word' id='word_1_120' title='bbox 804 2061 948 2130; x_wconf 81' lang='lat' dir='ltr'>faciatis</span> <span class='ocrx_word' id='word_1_121' title='bbox 970 2061 1121 2140; x_wconf 91' lang='lat' dir='ltr'>omnia,</span> <span class='ocrx_word' id='word_1_122' title='bbox 1147 2081 1216 2148; x_wconf 93' lang='lat' dir='ltr'>que</span> <span class='ocrx_word' id='word_1_123' title='bbox 1239 2060 1428 2130; x_wconf 89' lang='lat' dir='ltr'>volueritis</span> <span class='ocrx_word' id='word_1_124' title='bbox 1452 2079 1533 2128; x_wconf 89' lang='lat' dir='ltr'>cum</span> <span class='ocrx_word' id='word_1_125' title='bbox 1557 2060 1673 2149; x_wconf 89' lang='lat' dir='ltr'>aquis,</span> <span class='ocrx_word' id='word_1_126' title='bbox 1698 2059 1776 2127; x_wconf 87' lang='lat' dir='ltr'>tinis</span> <span class='ocrx_word' id='word_1_127' title='bbox 1800 2063 1838 2130; x_wconf 90' lang='lat' dir='ltr'>et</span> <span class='ocrx_word' id='word_1_128' title='bbox 1862 2063 1940 2130; x_wconf 83' lang='lat' dir='ltr'>vice</span> <span class='ocrx_word' id='word_1_129' title='bbox 1964 2060 2007 2128; x_wconf 92' lang='lat' dir='ltr'>de</span> <span class='ocrx_word' id='word_1_130' title='bbox 2030 2061 2111 2138; x_wconf 86' lang='lat' dir='ltr'>viis,</span> <span class='ocrx_word' id='word_1_131' title='bbox 2137 2061 2185 2128; x_wconf 82' lang='lat' dir='ltr'>At</span> <span class='ocrx_word' id='word_1_132' title='bbox 2206 2061 2383 2130; x_wconf 78' lang='lat' dir='ltr'>securiter</span> <span class='ocrx_word' id='word_1_133' title='bbox 2403 2067 2437 2131; x_wconf 91' lang='lat' dir='ltr'>et</span> 
     </span>
     <span class='ocr_line' id='line_1_12' title="bbox 578 2214 2436 2304; baseline -0.001 -20"><span class='ocrx_word' id='word_1_134' title='bbox 578 2216 731 2284; x_wconf 86' lang='lat' dir='ltr'>tirmiter</span> <span class='ocrx_word' id='word_1_135' title='bbox 754 2214 882 2284; x_wconf 88' lang='lat' dir='ltr'>amodo</span> <span class='ocrx_word' id='word_1_136' title='bbox 905 2217 943 2283; x_wconf 87' lang='lat' dir='ltr'>et</span> <span class='ocrx_word' id='word_1_137' title='bbox 964 2233 1106 2302; x_wconf 87' lang='lat' dir='ltr'>semper</span> <span class='ocrx_word' id='word_1_138' title='bbox 1129 2218 1168 2283; x_wconf 92' lang='lat' dir='ltr'>tu</span> <span class='ocrx_word' id='word_1_139' title='bbox 1192 2215 1374 2303; x_wconf 88' lang='lat' dir='ltr'>predictus</span> <span class='ocrx_word' id='word_1_140' title='bbox 1398 2217 1550 2284; x_wconf 88' lang='lat' dir='ltr'>domnus</span> <span class='ocrx_word' id='word_1_141' title='bbox 1573 2215 1759 2304; x_wconf 89' lang='lat' dir='ltr'>iaquin&#39;tus</span> <span class='ocrx_word' id='word_1_142' title='bbox 1782 2219 1894 2284; x_wconf 89' lang='lat' dir='ltr'>abbas</span> <span class='ocrx_word' id='word_1_143' title='bbox 1917 2215 2041 2303; x_wconf 90' lang='lat' dir='ltr'>tuique</span> <span class='ocrx_word' id='word_1_144' title='bbox 2074 2215 2366 2294; x_wconf 89' lang='lat' dir='ltr'>successoribus,</span> <span class='ocrx_word' id='word_1_145' title='bbox 2403 2221 2436 2282; x_wconf 91' lang='lat' dir='ltr'>et</span> 
     </span>
    </p>
   </div>
   <div class='ocr_carea' id='block_1_3' title="bbox 577 2367 2439 2456">
    <p class='ocr_par' dir='ltr' id='par_1_3' title="bbox 577 2367 2439 2456">
     <span class='ocr_line' id='line_1_13' title="bbox 577 2367 2439 2456; baseline 0.001 -19"><span class='ocrx_word' id='word_1_146' title='bbox 577 2385 663 2456; x_wconf 88' lang='lat' dir='ltr'>pare</span> <span class='ocrx_word' id='word_1_147' title='bbox 687 2367 801 2456; x_wconf 90' lang='lat' dir='ltr'>ipsius</span> <span class='ocrx_word' id='word_1_148' title='bbox 823 2369 1003 2456; x_wconf 82' lang='lat' dir='ltr'>prefatum</span> <span class='ocrx_word' id='word_1_149' title='bbox 1020 2369 1278 2438; x_wconf 88' lang='lat' dir='ltr'>monasterium</span> <span class='ocrx_word' id='word_1_150' title='bbox 1302 2370 1380 2456; x_wconf 90' lang='lat' dir='ltr'>ipsa</span> <span class='ocrx_word' id='word_1_151' title='bbox 1396 2369 1557 2456; x_wconf 88' lang='lat' dir='ltr'>predicta</span> <span class='ocrx_word' id='word_1_152' title='bbox 1580 2371 1686 2438; x_wconf 89' lang='lat' dir='ltr'>rebus</span> <span class='ocrx_word' id='word_1_153' title='bbox 1710 2369 1900 2449; x_wconf 88' lang='lat' dir='ltr'>avendum,</span> <span class='ocrx_word' id='word_1_154' title='bbox 1918 2389 1999 2438; x_wconf 90' lang='lat' dir='ltr'>cum</span> <span class='ocrx_word' id='word_1_155' title='bbox 2022 2370 2143 2439; x_wconf 85' lang='lat' dir='ltr'>omnia</span> <span class='ocrx_word' id='word_1_156' title='bbox 2167 2370 2268 2438; x_wconf 83' lang='lat' dir='ltr'>intra</span> <span class='ocrx_word' id='word_1_157' title='bbox 2283 2387 2322 2438; x_wconf 91' lang='lat' dir='ltr'>se</span> <span class='ocrx_word' id='word_1_158' title='bbox 2338 2371 2439 2438; x_wconf 85' lang='lat' dir='ltr'>aben·</span> 
     </span>
    </p>
   </div>
   <div class='ocr_carea' id='block_1_4' title="bbox 579 2487 2441 2612">
    <p class='ocr_par' dir='ltr' id='par_1_4' title="bbox 579 2487 2441 2612">
     <span class='ocr_line' id='line_1_14' title="bbox 579 2487 2441 2612; baseline 0.002 -22"><span class='ocrx_word' id='word_1_159' title='bbox 579 2521 675 2591; x_wconf 85' lang='lat' dir='ltr'>tibus</span> <span class='ocrx_word' id='word_1_160' title='bbox 698 2525 738 2592; x_wconf 93' lang='lat' dir='ltr'>at</span> <span class='ocrx_word' id='word_1_161' title='bbox 761 2521 966 2592; x_wconf 79' lang='lat' dir='ltr'>faciendum</span> <span class='ocrx_word' id='word_1_162' title='bbox 990 2523 1083 2612; x_wconf 85' lang='lat' dir='ltr'>quod</span> <span class='ocrx_word' id='word_1_163' title='bbox 1106 2523 1306 2592; x_wconf 89' lang='lat' dir='ltr'>bolueritis.</span> <span class='ocrx_word' id='word_1_164' title='bbox 1331 2525 1379 2590; x_wconf 88' lang='lat' dir='ltr'>De</span> <span class='ocrx_word' id='word_1_165' title='bbox 1403 2541 1476 2611; x_wconf 89' lang='lat' dir='ltr'>qua</span> <span class='ocrx_word' id='word_1_166' title='bbox 1499 2541 1564 2610; x_wconf 90' lang='lat' dir='ltr'>per</span> <span class='ocrx_word' id='word_1_167' title='bbox 1588 2487 1886 2592; x_wconf 86' lang='lat' dir='ltr'>combenientiam</span> <span class='ocrx_word' id='word_1_168' title='bbox 1910 2541 1977 2609; x_wconf 81' lang='lat' dir='ltr'>ego</span> <span class='ocrx_word' id='word_1_169' title='bbox 1990 2522 2183 2590; x_wconf 88' lang='lat' dir='ltr'>iamdictus</span> <span class='ocrx_word' id='word_1_170' title='bbox 2206 2540 2296 2592; x_wconf 86' lang='lat' dir='ltr'>urso</span> <span class='ocrx_word' id='word_1_171' title='bbox 2311 2525 2441 2612; x_wconf 84' lang='lat' dir='ltr'>guadia</span> 
     </span>
    </p>
   </div>
   <div class='ocr_carea' id='block_1_5' title="bbox 518 2677 2460 4927">
    <p class='ocr_par' dir='ltr' id='par_1_5' title="bbox 518 2677 2460 4752">
     <span class='ocr_line' id='line_1_15' title="bbox 578 2677 2442 2767; baseline 0.002 -23"><span class='ocrx_word' id='word_1_172' title='bbox 578 2677 646 2746; x_wconf 88' lang='lat' dir='ltr'>tivi</span> <span class='ocrx_word' id='word_1_173' title='bbox 669 2677 798 2746; x_wconf 90' lang='lat' dir='ltr'>domno</span> <span class='ocrx_word' id='word_1_174' title='bbox 822 2677 986 2764; x_wconf 90' lang='lat' dir='ltr'>iaquinto</span> <span class='ocrx_word' id='word_1_175' title='bbox 1010 2679 1133 2746; x_wconf 89' lang='lat' dir='ltr'>abbati</span> <span class='ocrx_word' id='word_1_176' title='bbox 1156 2677 1282 2756; x_wconf 89' lang='lat' dir='ltr'>dedit,</span> <span class='ocrx_word' id='word_1_177' title='bbox 1323 2679 1360 2744; x_wconf 92' lang='lat' dir='ltr'>et</span> <span class='ocrx_word' id='word_1_178' title='bbox 1385 2679 1615 2746; x_wconf 82' lang='lat' dir='ltr'>mediatorem</span> <span class='ocrx_word' id='word_1_179' title='bbox 1639 2677 1706 2746; x_wconf 91' lang='lat' dir='ltr'>tibi</span> <span class='ocrx_word' id='word_1_180' title='bbox 1729 2679 1829 2765; x_wconf 90' lang='lat' dir='ltr'>posui</span> <span class='ocrx_word' id='word_1_181' title='bbox 1868 2679 2032 2764; x_wconf 84' lang='lat' dir='ltr'>meraldo</span> <span class='ocrx_word' id='word_1_182' title='bbox 2067 2681 2248 2767; x_wconf 85' lang='lat' dir='ltr'>presbiter</span> <span class='ocrx_word' id='word_1_183' title='bbox 2286 2684 2326 2750; x_wconf 89' lang='lat' dir='ltr'>et</span> <span class='ocrx_word' id='word_1_184' title='bbox 2353 2681 2442 2749; x_wconf 88' lang='lat' dir='ltr'>tilius</span> 
     </span>
     <span class='ocr_line' id='line_1_16' title="bbox 579 2831 2444 2924; baseline 0.003 -26"><span class='ocrx_word' id='word_1_185' title='bbox 579 2831 756 2917; x_wconf 88' lang='lat' dir='ltr'>quoddam</span> <span class='ocrx_word' id='word_1_186' title='bbox 779 2831 929 2900; x_wconf 89' lang='lat' dir='ltr'>iohanni</span> <span class='ocrx_word' id='word_1_187' title='bbox 952 2831 1129 2901; x_wconf 83' lang='lat' dir='ltr'>abitatore</span> <span class='ocrx_word' id='word_1_188' title='bbox 1152 2833 1192 2901; x_wconf 90' lang='lat' dir='ltr'>in</span> <span class='ocrx_word' id='word_1_189' title='bbox 1215 2832 1375 2920; x_wconf 91' lang='lat' dir='ltr'>predicto</span> <span class='ocrx_word' id='word_1_190' title='bbox 1399 2833 1530 2912; x_wconf 93' lang='lat' dir='ltr'>locum,</span> <span class='ocrx_word' id='word_1_191' title='bbox 1556 2834 1650 2903; x_wconf 91' lang='lat' dir='ltr'>unde</span> <span class='ocrx_word' id='word_1_192' title='bbox 1673 2852 1738 2902; x_wconf 90' lang='lat' dir='ltr'>nos</span> <span class='ocrx_word' id='word_1_193' title='bbox 1760 2853 1895 2903; x_wconf 88' lang='lat' dir='ltr'>sumus.</span> <span class='ocrx_word' id='word_1_194' title='bbox 1920 2839 1957 2904; x_wconf 86' lang='lat' dir='ltr'>et</span> <span class='ocrx_word' id='word_1_195' title='bbox 1980 2854 2043 2923; x_wconf 93' lang='lat' dir='ltr'>per</span> <span class='ocrx_word' id='word_1_196' title='bbox 2066 2835 2145 2924; x_wconf 88' lang='lat' dir='ltr'>ipsa</span> <span class='ocrx_word' id='word_1_197' title='bbox 2160 2836 2297 2920; x_wconf 81' lang='lat' dir='ltr'>guadia</span> <span class='ocrx_word' id='word_1_198' title='bbox 2328 2836 2444 2922; x_wconf 79' lang='lat' dir='ltr'>obligo</span> 
     </span>
     <span class='ocr_line' id='line_1_17' title="bbox 579 2981 2446 3076; baseline 0.001 -24"><span class='ocrx_word' id='word_1_199' title='bbox 579 3003 635 3052; x_wconf 91' lang='lat' dir='ltr'>me</span> <span class='ocrx_word' id='word_1_200' title='bbox 659 2988 696 3053; x_wconf 92' lang='lat' dir='ltr'>et</span> <span class='ocrx_word' id='word_1_201' title='bbox 720 2986 807 3054; x_wconf 88' lang='lat' dir='ltr'>meis</span> <span class='ocrx_word' id='word_1_202' title='bbox 830 2985 997 3054; x_wconf 89' lang='lat' dir='ltr'>eredibus</span> <span class='ocrx_word' id='word_1_203' title='bbox 1022 2985 1147 3053; x_wconf 91' lang='lat' dir='ltr'>amodo</span> <span class='ocrx_word' id='word_1_204' title='bbox 1171 2989 1208 3054; x_wconf 91' lang='lat' dir='ltr'>et</span> <span class='ocrx_word' id='word_1_205' title='bbox 1230 3003 1371 3074; x_wconf 83' lang='lat' dir='ltr'>semper</span> <span class='ocrx_word' id='word_1_206' title='bbox 1394 2981 1661 3070; x_wconf 76' lang='lat' dir='ltr'>defensandum¹</span> <span class='ocrx_word' id='word_1_207' title='bbox 1684 2985 1814 3054; x_wconf 90' lang='lat' dir='ltr'>inclita</span> <span class='ocrx_word' id='word_1_208' title='bbox 1836 2985 1999 3073; x_wconf 90' lang='lat' dir='ltr'>predicta</span> <span class='ocrx_word' id='word_1_209' title='bbox 2032 2989 2160 3076; x_wconf 88' lang='lat' dir='ltr'>nostra</span> <span class='ocrx_word' id='word_1_210' title='bbox 2194 2985 2388 3054; x_wconf 80' lang='lat' dir='ltr'>offertione</span> <span class='ocrx_word' id='word_1_211' title='bbox 2408 2985 2446 3053; x_wconf 93' lang='lat' dir='ltr'>in</span> 
     </span>
     <span class='ocr_line' id='line_1_18' title="bbox 579 3137 2447 3226; baseline 0.002 -21"><span class='ocrx_word' id='word_1_212' title='bbox 579 3137 740 3226; x_wconf 87' lang='lat' dir='ltr'>predicto</span> <span class='ocrx_word' id='word_1_213' title='bbox 764 3139 986 3208; x_wconf 85' lang='lat' dir='ltr'>monasterio</span> <span class='ocrx_word' id='word_1_214' title='bbox 1012 3137 1075 3207; x_wconf 88' lang='lat' dir='ltr'>tibi</span> <span class='ocrx_word' id='word_1_215' title='bbox 1099 3139 1228 3208; x_wconf 93' lang='lat' dir='ltr'>domno</span> <span class='ocrx_word' id='word_1_216' title='bbox 1251 3137 1376 3207; x_wconf 91' lang='lat' dir='ltr'>abbati</span> <span class='ocrx_word' id='word_1_217' title='bbox 1398 3141 1436 3206; x_wconf 93' lang='lat' dir='ltr'>et</span> <span class='ocrx_word' id='word_1_218' title='bbox 1459 3141 1496 3206; x_wconf 91' lang='lat' dir='ltr'>at</span> <span class='ocrx_word' id='word_1_219' title='bbox 1518 3141 1580 3208; x_wconf 86' lang='lat' dir='ltr'>tuo</span> <span class='ocrx_word' id='word_1_220' title='bbox 1604 3157 1833 3216; x_wconf 90' lang='lat' dir='ltr'>successore,</span> <span class='ocrx_word' id='word_1_221' title='bbox 1873 3141 2032 3226; x_wconf 84' lang='lat' dir='ltr'>qualiter</span> <span class='ocrx_word' id='word_1_222' title='bbox 2054 3158 2164 3226; x_wconf 88' lang='lat' dir='ltr'>super</span> <span class='ocrx_word' id='word_1_223' title='bbox 2188 3143 2303 3208; x_wconf 90' lang='lat' dir='ltr'>rebus</span> <span class='ocrx_word' id='word_1_224' title='bbox 2333 3139 2447 3208; x_wconf 89' lang='lat' dir='ltr'>decla-</span> 
     </span>
     <span class='ocr_line' id='line_1_19' title="bbox 579 3291 2448 3381; baseline 0.002 -22"><span class='ocrx_word' id='word_1_225' title='bbox 579 3294 651 3371; x_wconf 90' lang='lat' dir='ltr'>rat,</span> <span class='ocrx_word' id='word_1_226' title='bbox 677 3291 724 3362; x_wconf 88' lang='lat' dir='ltr'>da</span> <span class='ocrx_word' id='word_1_227' title='bbox 746 3292 862 3361; x_wconf 92' lang='lat' dir='ltr'>omnis</span> <span class='ocrx_word' id='word_1_228' title='bbox 885 3293 1042 3370; x_wconf 91' lang='lat' dir='ltr'>homine,</span> <span class='ocrx_word' id='word_1_229' title='bbox 1075 3313 1117 3362; x_wconf 90' lang='lat' dir='ltr'>ac</span> <span class='ocrx_word' id='word_1_230' title='bbox 1140 3293 1308 3381; x_wconf 91' lang='lat' dir='ltr'>omnique</span> <span class='ocrx_word' id='word_1_231' title='bbox 1331 3292 1495 3381; x_wconf 89' lang='lat' dir='ltr'>partibus</span> <span class='ocrx_word' id='word_1_232' title='bbox 1517 3295 1555 3360; x_wconf 91' lang='lat' dir='ltr'>et</span> <span class='ocrx_word' id='word_1_233' title='bbox 1578 3291 1625 3360; x_wconf 92' lang='lat' dir='ltr'>da</span> <span class='ocrx_word' id='word_1_234' title='bbox 1646 3293 1762 3361; x_wconf 89' lang='lat' dir='ltr'>omnis</span> <span class='ocrx_word' id='word_1_235' title='bbox 1785 3311 1919 3364; x_wconf 81' lang='lat' dir='ltr'>umens</span> <span class='ocrx_word' id='word_1_236' title='bbox 1935 3311 2020 3380; x_wconf 90' lang='lat' dir='ltr'>pars</span> <span class='ocrx_word' id='word_1_237' title='bbox 2044 3311 2213 3380; x_wconf 88' lang='lat' dir='ltr'>persona.</span> <span class='ocrx_word' id='word_1_238' title='bbox 2242 3297 2283 3362; x_wconf 90' lang='lat' dir='ltr'>et</span> <span class='ocrx_word' id='word_1_239' title='bbox 2307 3295 2448 3380; x_wconf 90' lang='lat' dir='ltr'>quando</span> 
     </span>
     <span class='ocr_line' id='line_1_20' title="bbox 579 3447 2451 3535; baseline 0.001 -21"><span class='ocrx_word' id='word_1_240' title='bbox 579 3466 664 3534; x_wconf 86' lang='lat' dir='ltr'>pars</span> <span class='ocrx_word' id='word_1_241' title='bbox 690 3447 803 3535; x_wconf 87' lang='lat' dir='ltr'>ipsius</span> <span class='ocrx_word' id='word_1_242' title='bbox 826 3447 1064 3528; x_wconf 84' lang='lat' dir='ltr'>monasterii,</span> <span class='ocrx_word' id='word_1_243' title='bbox 1089 3449 1146 3516; x_wconf 90' lang='lat' dir='ltr'>vel</span> <span class='ocrx_word' id='word_1_244' title='bbox 1169 3447 1248 3516; x_wconf 89' lang='lat' dir='ltr'>eius</span> <span class='ocrx_word' id='word_1_245' title='bbox 1271 3449 1456 3528; x_wconf 89' lang='lat' dir='ltr'>rectores,</span> <span class='ocrx_word' id='word_1_246' title='bbox 1481 3450 1625 3517; x_wconf 85' lang='lat' dir='ltr'>autores</span> <span class='ocrx_word' id='word_1_247' title='bbox 1648 3447 1732 3516; x_wconf 91' lang='lat' dir='ltr'>inde</span> <span class='ocrx_word' id='word_1_248' title='bbox 1755 3465 1833 3516; x_wconf 83' lang='lat' dir='ltr'>esse</span> <span class='ocrx_word' id='word_1_249' title='bbox 1856 3447 2035 3526; x_wconf 86' lang='lat' dir='ltr'>voluerit,</span> <span class='ocrx_word' id='word_1_250' title='bbox 2061 3450 2119 3516; x_wconf 86' lang='lat' dir='ltr'>vel</span> <span class='ocrx_word' id='word_1_251' title='bbox 2141 3448 2386 3529; x_wconf 81' lang='lat' dir='ltr'>defensores,</span> <span class='ocrx_word' id='word_1_252' title='bbox 2410 3449 2451 3515; x_wconf 93' lang='lat' dir='ltr'>li-</span> 
     </span>
     <span class='ocr_line' id='line_1_21' title="bbox 579 3601 2452 3693; baseline 0.002 -24"><span class='ocrx_word' id='word_1_253' title='bbox 579 3602 738 3672; x_wconf 84' lang='lat' dir='ltr'>centiam</span> <span class='ocrx_word' id='word_1_254' title='bbox 762 3603 894 3672; x_wconf 86' lang='lat' dir='ltr'>exinde</span> <span class='ocrx_word' id='word_1_255' title='bbox 917 3606 1024 3672; x_wconf 81' lang='lat' dir='ltr'>nbeat</span> <span class='ocrx_word' id='word_1_256' title='bbox 1047 3601 1130 3673; x_wconf 89' lang='lat' dir='ltr'>inde</span> <span class='ocrx_word' id='word_1_257' title='bbox 1153 3619 1303 3670; x_wconf 90' lang='lat' dir='ltr'>causare</span> <span class='ocrx_word' id='word_1_258' title='bbox 1325 3605 1363 3670; x_wconf 92' lang='lat' dir='ltr'>et</span> <span class='ocrx_word' id='word_1_259' title='bbox 1385 3603 1492 3671; x_wconf 88' lang='lat' dir='ltr'>tinem</span> <span class='ocrx_word' id='word_1_260' title='bbox 1515 3603 1633 3671; x_wconf 82' lang='lat' dir='ltr'>iacere</span> <span class='ocrx_word' id='word_1_261' title='bbox 1655 3621 1737 3670; x_wconf 90' lang='lat' dir='ltr'>cum</span> <span class='ocrx_word' id='word_1_262' title='bbox 1761 3603 1860 3671; x_wconf 92' lang='lat' dir='ltr'>omni</span> <span class='ocrx_word' id='word_1_263' title='bbox 1884 3603 2081 3671; x_wconf 87' lang='lat' dir='ltr'>monimine</span> <span class='ocrx_word' id='word_1_264' title='bbox 2104 3607 2142 3672; x_wconf 91' lang='lat' dir='ltr'>et</span> <span class='ocrx_word' id='word_1_265' title='bbox 2164 3604 2331 3684; x_wconf 91' lang='lat' dir='ltr'>ratione,</span> <span class='ocrx_word' id='word_1_266' title='bbox 2365 3624 2452 3693; x_wconf 86' lang='lat' dir='ltr'>quas</span> 
     </span>
     <span class='ocr_line' id='line_1_22' title="bbox 578 3756 2453 3844; baseline -0.001 -19"><span class='ocrx_word' id='word_1_267' title='bbox 578 3757 663 3825; x_wconf 92' lang='lat' dir='ltr'>inde</span> <span class='ocrx_word' id='word_1_268' title='bbox 687 3756 804 3844; x_wconf 89' lang='lat' dir='ltr'>ipsum</span> <span class='ocrx_word' id='word_1_269' title='bbox 826 3759 1006 3844; x_wconf 83' lang='lat' dir='ltr'>prefatum</span> <span class='ocrx_word' id='word_1_270' title='bbox 1029 3759 1284 3827; x_wconf 88' lang='lat' dir='ltr'>monasterium</span> <span class='ocrx_word' id='word_1_271' title='bbox 1309 3759 1464 3837; x_wconf 88' lang='lat' dir='ltr'>abuerit,</span> <span class='ocrx_word' id='word_1_272' title='bbox 1488 3761 1538 3836; x_wconf 91' lang='lat' dir='ltr'>et,</span> <span class='ocrx_word' id='word_1_273' title='bbox 1570 3759 1664 3826; x_wconf 89' lang='lat' dir='ltr'>sicut</span> <span class='ocrx_word' id='word_1_274' title='bbox 1686 3757 1856 3836; x_wconf 84' lang='lat' dir='ltr'>diximus,</span> <span class='ocrx_word' id='word_1_275' title='bbox 1883 3756 1929 3826; x_wconf 91' lang='lat' dir='ltr'>ad</span> <span class='ocrx_word' id='word_1_276' title='bbox 1954 3757 2251 3844; x_wconf 85' lang='lat' dir='ltr'>angnoscendum</span> <span class='ocrx_word' id='word_1_277' title='bbox 2276 3760 2397 3827; x_wconf 82' lang='lat' dir='ltr'>sortes</span> <span class='ocrx_word' id='word_1_278' title='bbox 2418 3762 2453 3824; x_wconf 91' lang='lat' dir='ltr'>et</span> 
     </span>
     <span class='ocr_line' id='line_1_23' title="bbox 578 3903 2453 4002; baseline 0.001 -24"><span class='ocrx_word' id='word_1_279' title='bbox 578 3910 690 3989; x_wconf 82' lang='lat' dir='ltr'>finis,</span> <span class='ocrx_word' id='word_1_280' title='bbox 726 3911 822 3980; x_wconf 90' lang='lat' dir='ltr'>sicut</span> <span class='ocrx_word' id='word_1_281' title='bbox 845 3931 902 3980; x_wconf 90' lang='lat' dir='ltr'>me</span> <span class='ocrx_word' id='word_1_282' title='bbox 925 3913 1082 4000; x_wconf 86' lang='lat' dir='ltr'>contigit</span> <span class='ocrx_word' id='word_1_283' title='bbox 1104 3932 1169 4001; x_wconf 92' lang='lat' dir='ltr'>per</span> <span class='ocrx_word' id='word_1_284' title='bbox 1192 3932 1255 3981; x_wconf 92' lang='lat' dir='ltr'>nos</span> <span class='ocrx_word' id='word_1_285' title='bbox 1278 3915 1315 3982; x_wconf 92' lang='lat' dir='ltr'>et</span> <span class='ocrx_word' id='word_1_286' title='bbox 1338 3903 1407 4000; x_wconf 80' lang='lat' dir='ltr'>per¹</span> <span class='ocrx_word' id='word_1_287' title='bbox 1427 3915 1568 3981; x_wconf 88' lang='lat' dir='ltr'>nostros</span> <span class='ocrx_word' id='word_1_288' title='bbox 1592 3914 1776 3981; x_wconf 88' lang='lat' dir='ltr'>consortes</span> <span class='ocrx_word' id='word_1_289' title='bbox 1800 3911 1941 3982; x_wconf 87' lang='lat' dir='ltr'>abeatis</span> <span class='ocrx_word' id='word_1_290' title='bbox 1975 3912 2023 3980; x_wconf 89' lang='lat' dir='ltr'>ad</span> <span class='ocrx_word' id='word_1_291' title='bbox 2058 3911 2302 3982; x_wconf 90' lang='lat' dir='ltr'>dibidendum</span> <span class='ocrx_word' id='word_1_292' title='bbox 2338 3913 2453 4002; x_wconf 90' lang='lat' dir='ltr'>ipsum</span> 
     </span>
     <span class='ocr_line' id='line_1_24' title="bbox 578 4065 2455 4157; baseline 0.001 -25"><span class='ocrx_word' id='word_1_293' title='bbox 578 4067 786 4154; x_wconf 88' lang='lat' dir='ltr'>preceptum</span> <span class='ocrx_word' id='word_1_294' title='bbox 811 4065 855 4135; x_wconf 88' lang='lat' dir='ltr'>de</span> <span class='ocrx_word' id='word_1_295' title='bbox 879 4066 958 4155; x_wconf 88' lang='lat' dir='ltr'>ipsa</span> <span class='ocrx_word' id='word_1_296' title='bbox 981 4067 1146 4154; x_wconf 87' lang='lat' dir='ltr'>predicta</span> <span class='ocrx_word' id='word_1_297' title='bbox 1170 4069 1277 4136; x_wconf 88' lang='lat' dir='ltr'>rebus</span> <span class='ocrx_word' id='word_1_298' title='bbox 1300 4067 1572 4144; x_wconf 90' lang='lat' dir='ltr'>continentem,</span> <span class='ocrx_word' id='word_1_299' title='bbox 1612 4067 1649 4133; x_wconf 90' lang='lat' dir='ltr'>et</span> <span class='ocrx_word' id='word_1_300' title='bbox 1673 4065 1816 4153; x_wconf 92' lang='lat' dir='ltr'>quando</span> <span class='ocrx_word' id='word_1_301' title='bbox 1840 4085 1905 4153; x_wconf 90' lang='lat' dir='ltr'>per</span> <span class='ocrx_word' id='word_1_302' title='bbox 1928 4067 1990 4134; x_wconf 91' lang='lat' dir='ltr'>bos</span> <span class='ocrx_word' id='word_1_303' title='bbox 2013 4068 2316 4154; x_wconf 84' lang='lat' dir='ltr'>angnoecendu&#39;m</span> <span class='ocrx_word' id='word_1_304' title='bbox 2340 4069 2455 4157; x_wconf 89' lang='lat' dir='ltr'>ipsum</span> 
     </span>
     <span class='ocr_line' id='line_1_25' title="bbox 578 4218 2454 4308; baseline 0 -20"><span class='ocrx_word' id='word_1_305' title='bbox 578 4218 753 4305; x_wconf 84' lang='lat' dir='ltr'>&#39;scriptum</span> <span class='ocrx_word' id='word_1_306' title='bbox 776 4219 941 4298; x_wconf 85' lang='lat' dir='ltr'>aberitis,</span> <span class='ocrx_word' id='word_1_307' title='bbox 960 4220 1061 4288; x_wconf 91' lang='lat' dir='ltr'>nobis</span> <span class='ocrx_word' id='word_1_308' title='bbox 1085 4219 1287 4288; x_wconf 86' lang='lat' dir='ltr'>restituatis</span> <span class='ocrx_word' id='word_1_309' title='bbox 1310 4220 1427 4308; x_wconf 91' lang='lat' dir='ltr'>ipsum</span> <span class='ocrx_word' id='word_1_310' title='bbox 1451 4221 1611 4288; x_wconf 91' lang='lat' dir='ltr'>nostrum</span> <span class='ocrx_word' id='word_1_311' title='bbox 1635 4221 1823 4288; x_wconf 90' lang='lat' dir='ltr'>roboreum</span> <span class='ocrx_word' id='word_1_312' title='bbox 1854 4219 2027 4307; x_wconf 90' lang='lat' dir='ltr'>scriptum</span> <span class='ocrx_word' id='word_1_313' title='bbox 2043 4219 2333 4307; x_wconf 87' lang='lat' dir='ltr'>pertinentibus.</span> <span class='ocrx_word' id='word_1_314' title='bbox 2359 4221 2454 4300; x_wconf 88' lang='lat' dir='ltr'>Quod</span> 
     </span>
     <span class='ocr_line' id='line_1_26' title="bbox 578 4355 2457 4458; baseline 0.001 -20"><span class='ocrx_word' id='word_1_315' title='bbox 578 4371 609 4438; x_wconf 90' lang='lat' dir='ltr'>si</span> <span class='ocrx_word' id='word_1_316' title='bbox 634 4371 760 4439; x_wconf 89' lang='lat' dir='ltr'>taliter</span> <span class='ocrx_word' id='word_1_317' title='bbox 783 4375 852 4440; x_wconf 88' lang='lat' dir='ltr'>etc:</span> <span class='ocrx_word' id='word_1_318' title='bbox 893 4375 1063 4458; x_wconf 81' lang='lat' dir='ltr'>Sequitur</span> <span class='ocrx_word' id='word_1_319' title='bbox 1084 4377 1254 4442; x_wconf 83' lang='lat' dir='ltr'>consueta</span> <span class='ocrx_word' id='word_1_320' title='bbox 1276 4373 1453 4458; x_wconf 79' lang='lat' dir='ltr'>formntc,</span> <span class='ocrx_word' id='word_1_321' title='bbox 1479 4375 1621 4440; x_wconf 85' lang='lat' dir='ltr'>etctnta</span> <span class='ocrx_word' id='word_1_322' title='bbox 1643 4372 1780 4440; x_wconf 83' lang='lat' dir='ltr'>mnictc</span> <span class='ocrx_word' id='word_1_323' title='bbox 1801 4355 2079 4457; x_wconf 73' lang='lat' dir='ltr'>¹quinquaqinta</span> <span class='ocrx_word' id='word_1_324' title='bbox 2116 4376 2209 4442; x_wconf 85' lang='lat' dir='ltr'>anri</span> <span class='ocrx_word' id='word_1_325' title='bbox 2250 4375 2457 4444; x_wconf 74' lang='lat' dir='ltr'>soiidoennt</span> 
     </span>
     <span class='ocr_line' id='line_1_27' title="bbox 518 4513 2460 4614; baseline 0.001 -20"><span class='ocrx_word' id='word_1_326' title='bbox 518 4513 523 4523; x_wconf 81' lang='grc'><strong>’</strong></span> <span class='ocrx_word' id='word_1_327' title='bbox 581 4525 827 4594; x_wconf 77' lang='lat' dir='ltr'>Constantini.</span> <span class='ocrx_word' id='word_1_328' title='bbox 869 4529 915 4596; x_wconf 83' lang='lat' dir='ltr'>nt</span> <span class='ocrx_word' id='word_1_329' title='bbox 937 4527 1062 4596; x_wconf 82' lang='lat' dir='ltr'>taliter</span> <span class='ocrx_word' id='word_1_330' title='bbox 1083 4527 1212 4614; x_wconf 87' lang='lat' dir='ltr'>scripsi</span> <span class='ocrx_word' id='word_1_331' title='bbox 1247 4545 1313 4612; x_wconf 82' lang='lat' dir='ltr'>ego</span> <span class='ocrx_word' id='word_1_332' title='bbox 1336 4525 1550 4613; x_wconf 84' lang='lat' dir='ltr'>smaragdus</span> <span class='ocrx_word' id='word_1_333' title='bbox 1588 4523 1743 4594; x_wconf 89' lang='lat' dir='ltr'>clericus</span> <span class='ocrx_word' id='word_1_334' title='bbox 1778 4526 1815 4592; x_wconf 89' lang='lat' dir='ltr'>et</span> <span class='ocrx_word' id='word_1_335' title='bbox 1848 4525 2041 4604; x_wconf 87' lang='lat' dir='ltr'>noterius,</span> <span class='ocrx_word' id='word_1_336' title='bbox 2078 4529 2182 4596; x_wconf 92' lang='lat' dir='ltr'>actus</span> <span class='ocrx_word' id='word_1_337' title='bbox 2221 4529 2393 4599; x_wconf 87' lang='lat' dir='ltr'>cilentus</span> <span class='ocrx_word' id='word_1_338' title='bbox 2424 4531 2460 4598; x_wconf 90' lang='lat' dir='ltr'>et</span> 
     </span>
     <span class='ocr_line' id='line_1_28' title="bbox 577 4681 741 4752; baseline 0.006 -3"><span class='ocrx_word' id='word_1_339' title='bbox 577 4681 741 4752; x_wconf 82' lang='lat' dir='ltr'>intertui.</span> 
     </span>
    </p>

    <p class='ocr_par' dir='ltr' id='par_1_6' title="bbox 563 4834 968 4927">
     <span class='ocr_line' id='line_1_29' title="bbox 563 4834 968 4927; baseline 0 -23"><span class='ocrx_word' id='word_1_340' title='bbox 563 4855 565 4862; x_wconf 79' lang='grc'><strong>’</strong></span> <span class='ocrx_word' id='word_1_341' title='bbox 623 4834 750 4927; x_wconf 84' lang='lat' dir='ltr'>†Ego</span> <span class='ocrx_word' id='word_1_342' title='bbox 775 4835 968 4905; x_wconf 76' lang='lat' dir='ltr'>raidoitus.¹</span> 
     </span>
    </p>
   </div>
   <div class='ocr_carea' id='block_1_6' title="bbox 624 4986 1108 5077">
    <p class='ocr_par' dir='ltr' id='par_1_7' title="bbox 624 4986 1108 5077">
     <span class='ocr_line' id='line_1_30' title="bbox 624 4986 1108 5077; baseline 0.004 -23"><span class='ocrx_word' id='word_1_343' title='bbox 624 4986 652 5077; x_wconf 86' lang='lat'><em>†</em></span> <span class='ocrx_word' id='word_1_344' title='bbox 675 4987 813 5074; x_wconf 83' lang='lat' dir='ltr'>Singnu</span> <span class='ocrx_word' id='word_1_345' title='bbox 837 5006 947 5058; x_wconf 89' lang='lat' dir='ltr'>manu</span> <span class='ocrx_word' id='word_1_346' title='bbox 970 4988 1108 5076; x_wconf 86' lang='lat' dir='ltr'>godini.</span> 
     </span>
    </p>
   </div>
   <div class='ocr_carea' id='block_1_7' title="bbox 0 0 2697 7106">
    <p class='ocr_par' dir='ltr' id='par_1_8' title="bbox 0 0 2697 7106">
     <span class='ocr_line' id='line_1_31' title="bbox 0 0 2697 7106; baseline 0 0"><span class='ocrx_word' id='word_1_347' title='bbox 0 0 2697 7106; x_wconf 95' lang='lat' dir='ltr'> </span> 
     </span>
    </p>
   </div>
  </div>
 </body>
</html>
