5398 7106
1017 484 1424 565 olrroulrrous
2024 493 2093 566 ars

288 677 344 744 bie
366 677 530 765 publice,
555 681 593 746 et
615 697 637 746 a
661 623 765 766 parte
791 681 943 748 meridie
966 681 1046 749 duis
1069 684 1154 750 suut
1176 682 1300 750 semite
1324 687 1361 750 et
1383 687 1483 752 terra
1505 685 1552 754 da
1575 685 1654 773 ipsu
1678 686 1899 788 monasteriu
1922 685 1965 753 dc
1991 649 2077 755 cava
2101 685 2149 754 da

287 831 366 917 ipsu
390 832 466 901 loco
490 833 681 902 mitiliano.
708 837 761 902 Ea
790 835 942 912 ratione,
968 839 1009 900 ut
1031 835 1176 922 integra
1199 831 1446 925 suprascripta
1468 843 1592 906 nostra
1614 839 1817 916 donatione,
1843 841 1939 908 sicut
1962 859 2072 928 supra
2097 841 2149 908 le-

291 988 401 1072 gitur,
427 1007 567 1075 semper
590 993 638 1056 sit
660 989 700 1057 in
724 991 899 1076 potestate
924 992 1000 1065 tua,
1026 989 1166 1057 domine
1190 993 1300 1058 abbas
1322 991 1378 1058 leo
1401 991 1580 1078 predictus
1604 994 1640 1058 et
1662 1011 1906 1060 successorum
1930 996 2086 1080 tuorum,
2111 996 2151 1060 et

287 1143 388 1226 parte
411 1141 453 1208 de
477 1142 552 1228 ipso
576 1142 797 1210 monasterio
819 1141 863 1209 dc
888 1143 926 1244 la
948 1160 1036 1210 cava
1060 1141 1104 1210 ad
1129 1143 1335 1210 faciendum
1358 1143 1508 1221 omnia,
1535 1145 1629 1232 quod
1654 1147 1842 1214 volueritis
1865 1145 1959 1214 inde.
2001 1149 2046 1212 Et
2068 1165 2149 1233 pro·

286 1297 365 1380 pter
388 1285 696 1364 confirmationem
729 1296 808 1364 uius
831 1297 1035 1390 donationis
1059 1297 1157 1365 iusta
1180 1298 1296 1383 legem
1321 1299 1504 1386 launegilt
1537 1301 1756 1387 suscepimus
1779 1319 1801 1368 a
1825 1303 1860 1367 te
1883 1300 2064 1387 predictus
2088 1300 2147 1368 do·
2185 1305 2190 1316 '

288 1449 382 1516 mine
405 1451 515 1518 abb'as
538 1469 602 1538 pro
626 1453 729 1537 parte
752 1451 795 1518 (16
818 1451 898 1538 ipsu
922 1451 1138 1519 monasterio
1162 1469 1225 1519 nos
1248 1471 1369 1520 omnes
1392 1453 1627 1540 suprascripti
1661 1455 1698 1521 et
1720 1454 1970 1544 suprascripte¹
1986 1439 2144 1522 commu-

289 1603 395 1679 niter,
419 1603 561 1690 singule
585 1605 733 1673 camisic
756 1610 793 1672 et
816 1604 899 1673 auri
922 1605 995 1672 tari
1019 1605 1172 1672 sedecim
1197 1603 1234 1670 in
1258 1604 1355 1672 omni
1379 1606 1650 1675 deliberatione.
1691 1608 1736 1674 Et
1759 1625 1823 1694 per
1846 1607 2145 1676 combenientiam
2232 1587 2235 1594 λ

289 1775 351 1824 nos
374 1760 610 1845 suprascripti
634 1763 672 1826 et
694 1761 939 1846 suprascripte
962 1759 1029 1826 toti
1053 1758 1292 1826 communiter
1315 1759 1486 1844 guadiam
1509 1759 1576 1827 tibi
1600 1743 1728 1827 domno
1757 1760 1881 1828 abbati
1903 1761 2045 1847 tuisque
2069 1779 2146 1828 suo·

288 1913 483 1980 caesoribus
506 1913 678 1990 dedimus,
704 1917 741 1982 et
766 1913 982 1982 mediatores
1007 1913 1074 1981 tibi
1098 1912 1281 1999 posuimus
1304 1931 1367 1980 nos
1390 1912 1487 1999 ipsis.
1514 1917 1646 1981 Tamen
1671 1933 1734 1982 nos
1749 1897 1992 2001 suprascripte
2015 1915 2143 1992 sanda,

288 2065 325 2130 et
346 2064 478 2144 daseia,
504 2069 540 2133 et
563 2067 700 2134 delecta
723 2066 938 2134 mediatores
962 2085 1027 2151 pro
1049 2068 1154 2152 parte
1178 2067 1302 2132 nostra
1324 2065 1486 2132 dedimus
1509 2086 1590 2132 cum
1614 2066 1796 2134 boluntate
1819 2067 1862 2134 de
1885 2069 2144 2154 suprascriptis

287 2219 374 2288 biris
398 2221 527 2287 nostris
551 2220 648 2287 iusta
671 2221 973 2306 longobardorum
997 2221 1113 2306 legem
1137 2239 1209 2307 qua
1235 2218 1407 2287 vivemus.
1434 2222 1479 2286 Et
1502 2220 1704 2308 peripsam
1736 2220 1906 2305 guadiam
1942 2221 2144 2306 obligamus

287 2389 350 2440 nos
372 2377 409 2441 et
431 2373 560 2440 nostris
583 2375 750 2442 eredibus
773 2393 912 2461 semper
936 2373 1126 2442 defendere
1161 2373 1227 2442 tibi
1263 2375 1391 2441 domno
1416 2373 1547 2442 Abbati
1588 2361 1731 2460 tuisque
1769 2375 2031 2442 successoribus
2054 2375 2146 2442 inte-

287 2547 390 2613 gram
415 2528 701 2614 suprascriptam
725 2532 886 2597 nostram
909 2529 1138 2596 donationem
1161 2529 1197 2594 et
1220 2529 1439 2594 oblationem
1462 2513 1695 2594 ab'omnibus
1726 2527 1931 2594 hominibus
1965 2530 2002 2594 ct
2026 2531 2142 2614 parte.

289 2681 427 2767 quidsi
451 2682 597 2750 minime
624 2679 725 2750 illam
748 2683 814 2750 tibi
837 2682 967 2750 domno
990 2683 1110 2750 abbati
1134 2684 1243 2768 atque
1278 2681 1350 2750 tuis
1380 2683 1644 2748 successoribus
1681 2680 1873 2749 defendere
1908 2681 2142 2766 potuerimus,

290 2835 340 2903 sic
364 2835 448 2904 inde
473 2837 537 2904 tibi
560 2841 597 2904 et
620 2840 723 2924 parte
746 2836 854 2923 ipsius
878 2835 1087 2903 monasterii
1111 2837 1315 2913 faciamus,
1341 2835 1436 2902 sicut
1458 2839 1496 2901 in
1519 2834 1580 2902 lex
1604 2833 1907 2921 longobardorum
1930 2833 1973 2900 de
1997 2833 2086 2900 dono
2108 2837 2146 2902 et

288 2993 488 3075 susceptum
512 2989 687 3076 launegilt
709 2990 880 3058 continet.
906 2991 950 3056 st
974 2988 1116 3075 quando
1137 2991 1178 3056 tu
1201 2991 1238 3056 et
1261 2987 1333 3079 tuis
1356 3004 1576 3057 successores
1599 2986 1683 3054 illut
1706 3005 1769 3072 per
1793 3003 1853 3052 vos
1876 2985 2066 3054 defendere
2083 3005 2144 3052 vo-
2200 3041 2204 3048 .

288 3141 441 3220 lueritis,
465 3145 674 3230 potestatem
693 3142 875 3230 babeatis,
902 3141 1058 3230 qualiter
1083 3140 1269 3212 volueritis
1293 3159 1374 3208 cum
1396 3139 1560 3208 omnibus
1584 3139 1842 3207 muniminibus
1869 3138 2141 3215 et-rationibus,

288 3315 377 3382 quas
388 3297 431 3364 de
443 3299 522 3384 ipsa
533 3297 725 3367 donatione
748 3299 787 3365 et
808 3296 1137 3364 oblationencstra
1160 3293 1402 3363 ostenderitis.
1427 3297 1473 3362 Et
1494 3295 1538 3370 si,
1552 3293 1647 3362 sicut
1668 3293 1834 3380 superius
1849 3291 1999 3378 legitur,
2017 3309 2082 3358 nos
2106 3294 2145 3359 ct

287 3450 416 3518 nostris
432 3451 596 3520 credibus
612 3451 677 3523 tibi
690 3450 836 3538 tuisque
848 3449 1108 3518 successoribus
1122 3467 1193 3516 non
1208 3445 1535 3532 adimpleverimus,
1545 3448 1582 3512 et
1592 3445 1840 3532 suprascripta
1852 3443 1909 3511 vel
1922 3461 1968 3510 cx
1982 3443 2034 3511 eis
2046 3441 2146 3530 quio-

286 3623 394 3705 quam
417 3623 609 3683 removere,
635 3609 697 3678 aut
719 3603 963 3672 contradicere
987 3601 1324 3690 presumpserimus,
1349 3619 1413 3688 per
1436 3600 1551 3686 ipsam
1574 3597 1746 3685 guadiam
1770 3615 1982 3686 componere
2008 3595 2146 3686 obliga-

284 3761 402 3828 vimus
425 3777 489 3828 nos
511 3757 750 3846 suprascripti
773 3759 810 3824 et
832 3756 1078 3844 suprascripte
1101 3754 1173 3822 biri
1199 3756 1236 3821 et
1259 3769 1392 3822 uxores
1429 3755 1466 3819 et
1489 3752 1623 3820 nostris
1661 3751 1853 3818 heredibus
1886 3749 1953 3818 tibi
1984 3749 2145 3837 predicto

265 3912 412 3980 xdomno
435 3911 557 3980 abbati
581 3913 689 3998 atque
711 3909 782 3976 tuis
805 3905 1068 3976 successoribus
1092 3909 1129 3973 et
1151 3909 1255 3993 parte
1278 3903 1392 3992 ipsius
1426 3905 1522 3974 sacri
1545 3904 1711 3983 cenobii,
1754 3901 2023 3992 quinquaginta
2060 3899 2145 3968 auri

281 4063 414 4137 solidos
436 4060 741 4132 constantinianos
763 4107 772 4138 ,
797 4062 861 4138 et,
886 4060 980 4128 sicut
1001 4058 1167 4145 superius
1190 4057 1366 4145 scriptum
1388 4059 1455 4136 est,
1481 4055 1689 4144 adimplere.
1715 4058 1761 4124 Et
1783 4051 1877 4144 quod
1899 4052 2067 4142 superius
2092 4052 2144 4158 di-

277 4220 485 4287 sturbatum
508 4218 644 4304 legitur
668 4217 776 4302 atquc
799 4212 1041 4288 emendatum,
1068 4211 1247 4290 videlicet;
1274 4187 1491 4290 bardorum,
1515 4211 1745 4281 bardorum„
1764 4211 1809 4278 nt
1833 4207 1960 4278 taliter
1983 4205 2144 4276 scribere

280 4369 491 4458 rogavimus
513 4350 550 4437 te
574 4373 696 4457 petrus
719 4367 898 4434 notarius.
954 4355 956 4366 '

329 4523 360 4616 †
380 4526 528 4610 Signum
550 4521 667 4592 crucis
689 4521 833 4608 proprie
856 4539 983 4587 manus
1007 4519 1102 4606 petri
1126 4519 1360 4588 atrianensis.

285 4741 290 4747 .
329 4678 456 4770 †Ilgo
478 4677 563 4745 bibo
581 4674 777 4742 castaldus.

328 4832 359 4925 1-
380 4832 526 4920 Signum
547 4831 666 4906 crucis
688 4829 832 4916 proprie
855 4845 983 4896 manus
1005 4827 1171 4894 iohannis
1194 4827 1237 4894 de
1261 4829 1421 4894 sallecta.

329 4987 358 5080 {n
381 4987 529 5074 Signum
551 4985 667 5054 crucis
691 4947 835 5070 proprie
858 4998 987 5049 manus
1010 4981 1176 5048 iohannis
1200 4981 1295 5068 petri
1319 4981 1363 5049 de
1386 4981 1467 5048 nite.

328 5141 357 5231 †
381 5140 528 5227 Signum
552 5139 669 5208 crucis
693 5134 839 5224 proprie
863 5151 991 5203 manus
1014 5133 1172 5202 alchoini
1196 5133 1240 5202 dc
1264 5134 1380 5204 locum
1404 5135 1529 5204 sirino.

1028 5463 1432 5476 ffl—
