5372 7106
998 499 1404 588 blltbunulcbs
1437 557 1441 572 ,

1004 799 1391 888 MGCXXVIII

1043 1049 1107 1126 A.
1134 1048 1194 1125 D.
1223 1051 1348 1128 1056

307 1310 336 1402 †
359 1313 399 1380 ln
425 1313 568 1381 nomine
590 1312 725 1382 domini
750 1313 1015 1403 quintodecimo
1038 1335 1133 1384 anno
1148 1317 1376 1405 principatus
1401 1317 1520 1386 domni
1539 1317 1655 1386 nostri
1677 1317 1841 1406 gisulphi
1864 1317 2018 1405 gloriosi
2029 1317 2130 1404 prin-

263 1465 364 1553 cipis,
389 1486 512 1537 mense
537 1467 656 1548 Iulio,
681 1489 778 1541 nona
802 1471 1015 1541 Indictione.
1040 1473 1334 1542 Memoratorium
1358 1476 1495 1544 iactum
1518 1493 1542 1543 a
1565 1493 1622 1542 me
1647 1493 1729 1542 urso
1751 1474 1827 1542 filio
1851 1472 2032 1560 quondam
2056 1489 2131 1542 ms-

264 1619 356 1688 raldi
379 1622 509 1690 clerici
532 1623 576 1692 de
601 1625 719 1694 locum
742 1627 872 1695 luxtra
893 1626 1026 1694 tinibus
1050 1627 1268 1704 lucaniam
1291 1626 1386 1715 quod
1410 1629 1493 1696 ante
1516 1625 1713 1714 subscripti
1729 1629 1840 1694 testes
1855 1626 1902 1694 ad
1918 1625 2126 1704 tenendum,

273 1777 499 1846 avorandum
525 1779 680 1847 tradidit
703 1775 812 1848 miehi
837 1780 1003 1848 dauferio
1026 1781 1101 1848 illio
1124 1781 1304 1868 quondam
1327 1781 1711 1867 sikenolfloomes,pro
1729 1781 1808 1848 vioe
1823 1799 1891 1848 sua
1913 1783 1951 1848 et
1973 1801 2037 1868 pro
2053 1780 2130 1850 vioe

263 1929 452 2016 griselaite
476 1937 637 2020 cognata
659 1952 727 2002 sua
749 1934 826 2002 illia
850 1934 1029 2020 quondam
1055 1935 1149 2001 mele
1172 1935 1397 2011 atrianense,
1424 1935 1498 2002 tote
1513 1937 1551 2002 et
1566 1934 1693 2002 inclite
1712 1934 1823 2003 terris
1847 1933 2011 2014 illorum,
2038 1935 2131 2042 quod

263 2083 409 2154 illorum
433 2087 592 2172 pertinet
615 2087 654 2155 in
679 2088 756 2176 ipso
781 2089 898 2157 locum
923 2090 1063 2167 luxtra,
1084 2090 1144 2158 ubi
1167 2089 1213 2158 ad
1237 2090 1452 2176 castelgloni
1475 2090 1623 2166 dicitur,
1649 2089 1761 2159 michi
1783 2089 1938 2160 tradidit
1953 2091 2029 2178 ipse
2044 2093 2132 2161 dau·

264 2237 353 2308 ferio
375 2257 442 2325 pro
466 2238 544 2306 vice
567 2257 634 2307 sua
653 2287 661 2316 ,
687 2243 724 2307 et
747 2259 812 2327 pro
837 2239 916 2308 vice
938 2241 982 2308 de
1005 2240 1086 2328 ipsa
1109 2243 1293 2328 congnata
1315 2259 1405 2319 sna;
1443 2241 1522 2310 Tali
1545 2239 1667 2310 tinore
1686 2291 1694 2320 ,
1735 2246 1776 2310 ut
1800 2243 1929 2312 amodo
1957 2247 1995 2312 et
2018 2247 2145 2332 usque

264 2397 422 2483 quinque
445 2395 532 2462 anni
555 2393 754 2478 completi,
780 2393 825 2462 ad
850 2393 975 2464 frudia
999 2395 1197 2463 recollecta
1219 2395 1265 2463 ad
1289 2415 1371 2464 mea
1393 2397 1431 2464 et
1453 2396 1498 2464 de
1521 2396 1611 2464 meis
1634 2396 1829 2465 heredibus
1853 2399 1950 2464 esset
1973 2400 2129 2484 potesta·

266 2548 325 2627 tis,
351 2551 451 2617 iobse
474 2549 511 2615 et
533 2548 650 2615 omnis
674 2550 796 2616 nostre
820 2549 993 2618 utilitatis
1017 2549 1068 2617 ibi
1092 2549 1268 2618 faciamus
1291 2551 1389 2619 iusta
1414 2550 1582 2628 ratione,
1608 2554 1645 2618 et
1667 2569 1733 2638 per
1755 2552 1871 2620 omnis
1895 2570 2031 2620 annum
2056 2557 2128 2622 tote

261 2703 338 2791 ipse
360 2703 609 2790 suprascripte
625 2705 709 2790 apto
725 2706 886 2790 tempore
908 2704 1117 2772 lavoremus
1140 2707 1178 2772 et
1192 2705 1423 2783 seminemus,
1441 2707 1537 2774 siout
1560 2705 1745 2784 meruerit,
1763 2709 1802 2774 et
1817 2709 1995 2794 quantum
2012 2705 2126 2776 victa-

261 2857 351 2924 lium
374 2857 420 2924 de
442 2857 523 2944 ipsa
547 2856 746 2925 traditione
769 2856 967 2946 peremnis
990 2875 1126 2926 annum
1150 2859 1233 2926 inde
1257 2859 1403 2946 exierit,
1420 2861 1538 2928 totum
1561 2857 1648 2928 illut
1671 2858 1772 2930 nobis
1795 2862 2006 2930 habeamus.
2034 2864 2127 2930 Tan-

261 3017 337 3082 tum
361 3031 427 3099 pro
452 3030 600 3080 censum
622 3011 668 3080 de
692 3013 773 3098 ipsa
797 3012 997 3081 traditione
1019 3013 1144 3080 demus
1168 3012 1214 3080 ad
1240 3012 1388 3081 missum
1411 3011 1455 3083 dc
1478 3011 1555 3100 ipso
1578 3011 1781 3080 dauferium
1806 3013 1844 3078 et
1874 3012 1918 3080 de
1943 3011 2025 3098 ipsa
2046 3029 2130 3078 con·

259 3170 374 3253 gnata
398 3187 478 3245 sua,
505 3187 572 3255 per
595 3171 758 3257 tempore
780 3167 825 3236 de
848 3186 926 3244 are,
951 3187 1017 3254 per
1039 3185 1144 3236 omns
1175 3186 1310 3236 annum
1333 3168 1514 3236 inlocum
1537 3169 1733 3238 cassillanu
1758 3166 1804 3234 ad
1827 3166 1982 3234 ecclesia
2003 3167 2122 3235 saneti

261 3324 439 3393 fortunati
463 3325 729 3412 quinquaginta
752 3322 947 3412 quartaria
969 3323 1012 3391 de
1035 3341 1192 3408 granum
1216 3341 1349 3390 vonum
1373 3322 1419 3391 ad
1442 3321 1668 3410 quartarium
1690 3321 1825 3390 iustum
1865 3321 1909 3389 de
1933 3321 2051 3408 ipsum
2075 3322 2126 3390 lo-

261 3495 355 3556 cum,
382 3477 592 3546 iaciendum
617 3477 715 3556 inde,
736 3476 830 3566 quod
856 3429 1027 3546 voluerit.
1045 3475 1076 3542 Α
1091 3477 1271 3565 completo
1294 3477 1371 3564 ipso
1395 3477 1633 3546 constitutum
1649 3477 1695 3545 ad
1711 3476 1833 3545 srudia
1848 3476 2056 3554 recollecta,
2073 3475 2127 3546 in-

260 3631 348 3701 olita
370 3633 451 3720 ipsa
477 3629 693 3698 tradietione
717 3629 907 3717 perveniat
941 3631 988 3698 ad
1020 3631 1199 3716 potestate
1234 3629 1395 3717 ipsorum
1428 3630 1606 3718 congusti
1636 3633 1674 3698 et
1709 3630 1754 3698 de
1789 3629 1935 3700 illorum
1960 3629 2121 3704 heredes

259 3790 296 3856 et
319 3807 382 3857 nos
405 3788 523 3856 licead
549 3787 632 3855 inde
653 3787 758 3855 exire
781 3805 862 3856 oum
885 3787 1001 3856 omnis
1025 3788 1151 3854 nostra
1173 3805 1285 3854 causa
1307 3785 1469 3855 movilia.
1495 3787 1533 3854 et
1555 3785 1610 3854 ire
1627 3785 1689 3854 ubi
1705 3785 1942 3856 voluerimus.
1970 3785 2068 3854 Unde
2084 3784 2124 3852 in

259 3961 300 4012 eo
323 3945 444 4011 tinore
468 3961 533 4030 per
556 3940 846 4011 convenientiam
869 3939 1006 4029 guadia
1028 3939 1140 4008 michi
1178 3941 1255 4028 ipso
1286 3940 1451 4008 dauferio
1474 3939 1584 4019 dedi,
1609 3960 1690 4034 ‚pro
1714 3941 1793 4010 vice
1816 3960 1883 4009 sua
1917 3942 1955 4008 et
1982 3939 2026 4009 de
2048 3939 2127 4028 ipsa
2251 4009 2253 4012 .

259 4100 441 4185 congnata
464 4115 558 4174 sua,
584 4099 622 4165 et
644 4096 890 4164 fideiussorem
914 4095 1026 4163 michi
1048 4093 1169 4182 posuit
1191 4113 1255 4182 pro
1278 4112 1345 4163 sua
1369 4097 1407 4163 et
1428 4093 1529 4163 illius
1552 4096 1659 4182 parte
1682 4094 1867 4182 seipsum.
1896 4097 1934 4162 et
1956 4105 2021 4182 per
2045 4095 2124 4187 ipsa

259 4247 394 4337 guadia
417 4249 597 4336 obligavit
619 4267 657 4316 se
680 4247 757 4335 ipse
782 4245 946 4316 dauferio
969 4248 1007 4314 et
1028 4264 1110 4314 suos
1133 4247 1284 4316 heredes
1309 4247 1568 4318 defensandum
1592 4247 1695 4317 nobis
1718 4248 1848 4317 inolita
1874 4243 2124 4336 suprascripta

259 4405 467 4482 traditione,
500 4423 583 4471 cum
607 4403 686 4471 vice
708 4402 752 4470 de
774 4401 834 4470 ria
856 4421 934 4479 sua,
959 4401 1086 4470 amodo
1109 4403 1146 4468 et
1168 4419 1281 4490 usque
1303 4401 1373 4488 ipsi
1396 4401 1483 4470 anni
1499 4401 1667 4490 completi
1690 4403 1736 4470 ab
1759 4401 1875 4469 omnis
1898 4403 2059 4472 homines
2082 4403 2122 4472 iu

259 4559 501 4646 suprascripto
525 4557 654 4626 tinore.
694 4557 741 4624 Et
763 4555 794 4624 si
817 4555 945 4624 taliter
959 4555 1054 4628 illut
1075 4558 1178 4624 nobis
1202 4575 1273 4626 non
1295 4555 1586 4635 defensaverint,
1620 4558 1657 4624 et
1679 4556 1811 4644 aliquit
1833 4555 1918 4625 inde
1941 4555 2122 4648 contradi·

261 4712 398 4791 serint,
425 4729 490 4798 por
514 4712 630 4798 ipsam
654 4708 827 4796 guadiam
849 4705 1025 4795 obligavit
1046 4727 1085 4776 se
1107 4708 1184 4795 ipse
1207 4709 1349 4778 dauieri
1372 4712 1409 4778 et
1430 4729 1512 4780 suos
1535 4710 1706 4789 heredes,
1731 4730 1797 4798 pro
1821 4709 1899 4778 vice
1922 4729 1990 4778 sua
2017 4710 2120 4779 etde

255 4867 338 4954 ipsa
360 4869 544 4953 congnata
566 4884 645 4943 sua,
671 4881 884 4952 componere
907 4863 1018 4931 miehi
1041 4863 1181 4950 meique
1204 4865 1397 4934 heredibus
1421 4866 1577 4954 triginta
1600 4865 1683 4936 auri
1706 4865 1811 4934 solidi
1828 4865 2065 4944 constantini,
2082 4870 2121 4936 et

264 5020 516 5109 suprascripta
539 5019 747 5106 adimplere.
771 5018 870 5096 Quod
893 5018 1021 5105 scripsi
1043 5037 1110 5103 ogo
1134 5020 1308 5087 iohannes
1330 5019 1508 5089 notarius.

306 5172 334 5265 †
358 5175 434 5260 Ego
458 5173 634 5241 iohannes
657 5174 823 5240 notarius
847 5190 903 5239 me
925 5169 1135 5258 subscripsi.

314 5325 342 5417 †
368 5329 443 5412 Ego
468 5329 611 5394 amatus
635 5323 797 5396 notarius
819 5345 876 5394 me
898 5325 1104 5412 subscripsi.
