5398 7106
641 451 709 523 aas
964 415 967 420 ’
1273 449 1446 526 donax
1481 399 1747 526 crvuo'srs

591 645 682 713 lidos
703 645 1023 724 constantiniam,
1049 648 1097 724 et,
1121 645 1215 713 siout
1237 644 1403 733 superius
1418 645 1595 732 scriptum
1618 649 1685 724 est,
1704 645 1914 734 adimplere.
1939 647 1977 712 et
1996 644 2091 712 inter
2114 645 2271 730 virgulos
2286 644 2433 730 legitur:

589 799 793 868 heredibus.
820 799 866 867 Et
889 800 956 868 tibi
980 801 1139 869 landolfo
1163 801 1304 868 notario
1327 799 1486 868 scribere
1509 799 1666 886 precepi.
1749 865 1752 872 .

632 952 659 1043 †
683 958 758 1041 Ego
782 955 844 1044 qui
867 975 978 1044 supra
1001 957 1075 1026 sico
1097 976 1214 1026 comes
1237 959 1275 1024 et
1298 955 1421 1025 iudex.

1336 1211 1665 1228 *uuum—u·-

1383 1369 1635 1454 MGCVII

1342 1620 1404 1694 A.
1432 1617 1492 1692 D.
1522 1617 1650 1692 1054

626 1881 653 1972 †
677 1884 717 1949 ln
740 1879 883 1948 nomine
907 1880 1039 1948 domini
1065 1882 1311 1950 tertiodecimo
1334 1902 1428 1950 anuo
1452 1883 1677 1970 principatus
1700 1884 1820 1952 domni
1838 1884 1957 1954 nostri
1973 1885 2136 1971 Gisulphi
2159 1886 2307 1970 gloriosi
2335 1887 2436 1973 prin·

581 2035 682 2122 cipis,
708 2052 827 2101 mense
850 2035 1003 2111 octubri,
1029 2038 1157 2104 octaba
1180 2035 1387 2103 indictione.
1413 2039 1501 2103 Dum
1526 2037 1564 2104 in
1587 2055 1686 2105 sacro
1709 2037 1931 2106 salernitano
1955 2038 2091 2123 palatio
2115 2056 2238 2106 coram
2254 2040 2439 2124 presentia

581 2189 819 2276 suprascripti
843 2189 964 2257 domni
989 2190 1102 2258 nostri
1125 2189 1285 2275 gisulphi
1308 2189 1455 2275 gloriosi
1479 2189 1649 2276 principis
1672 2209 1786 2258 essem
1801 2209 1868 2276 ago
1884 2192 2033 2258 Amatus
2057 2191 2179 2266 iudex,
2195 2195 2291 2259 Tunc
2314 2191 2436 2279 ibique

581 2341 619 2408 in
642 2340 767 2408 eadem
791 2341 973 2428 presentia
997 2341 1126 2409 aderat
1148 2343 1331 2408 dumnolla
1354 2341 1432 2409 filia
1456 2342 1632 2427 quondam
1659 2343 1817 2410 launacii
1840 2321 2071 2417 atrianensis,
2086 2361 2156 2428 que
2178 2342 2248 2410 fuit
2272 2362 2363 2410 uxor
2379 2345 2436 2410 al-

578 2497 649 2564 fani
671 2495 810 2571 clerici,
837 2498 881 2562 Et
904 2495 980 2580 ipse
1003 2496 1153 2562 domnus
1176 2495 1342 2580 princeps
1365 2495 1580 2563 clarificabit
1602 2515 1640 2564 se
1663 2498 1798 2564 habere
1822 2499 1923 2563 terra
1946 2516 2028 2563 cum
2062 2497 2220 2565 arbustis
2254 2498 2378 2565 vitatis
2401 2503 2438 2564 et

578 2651 755 2719 castaneis
779 2649 865 2718 soris
889 2651 982 2717 hano
1006 2649 1191 2717 civitatem
1215 2648 1252 2715 in
1276 2651 1394 2716 locum
1418 2650 1582 2718 tusciano
1606 2653 1742 2720 axilla
1766 2655 1869 2740 parte
1892 2652 1999 2719 flubio
2026 2652 2088 2740 qui
2105 2651 2239 2719 dicitur
2256 2653 2423 2721 tusciano

578 2808 623 2872 ut
646 2823 843 2890 congruum
868 2807 922 2870 est
943 2803 1182 2889 suprascripti
1206 2803 1327 2870 domni
1349 2805 1505 2893 principi
1529 2805 1572 2872 de
1597 2825 1644 2873 ex
1667 2806 1790 2874 eadent
1816 2808 1916 2874 terra
1939 2826 2020 2874 curn
2044 2806 2202 2875 arbustis
2218 2808 2351 2874 donare
2369 2827 2428 2875 su·

577 2957 778 3044 prascripte
801 2956 987 3024 dumnelle
1009 2974 1074 3042 pro
1097 2959 1201 3042 parte
1224 2974 1291 3023 sua
1314 2957 1350 3022 et
1373 2975 1436 3044 pro
1461 2960 1565 3044 parte
1587 2954 1679 3044 petri
1703 2958 1861 3026 filiosuo
1885 2958 2014 3025 inclita
2049 2961 2149 3034 terra
2173 2976 2253 3023 cum
2278 2957 2436 3024 arbustis

578 3114 616 3179 et
639 3113 832 3188 castaneis,
858 3111 951 3198 quod
975 3111 1021 3178 ad
1044 3111 1280 3178 laborandum
1296 3061 1439 3178 'retinet
1461 3131 1484 3178 a
1507 3115 1614 3198 parte
1637 3111 1875 3228 suprascripti
1899 3112 2019 3179 domni
2036 3110 2211 3198 principis
2234 3114 2358 3196 petrus
2374 3111 2436 3198 qui

576 3265 711 3336 dicitur
734 3267 777 3335 de
800 3267 917 3333 maria
940 3265 1016 3332 filia
1039 3264 1218 3351 quondam
1242 3264 1352 3352 (deest
1372 3264 1515 3351 nomen)
1539 3271 1575 3331 et
1598 3265 1825 3352 aliquantum
1850 3265 1898 3332 ibi
1923 3264 2112 3331 coniuncta
2146 3263 2190 3330 de
2218 3261 2309 3330 illud
2336 3264 2431 3350 quod

581 3420 729 3504 aparte
752 3417 866 3504 ipsius
889 3416 1011 3483 domni
1035 3416 1260 3504 principiad
1283 3365 1520 3486 laborandum
1558 3419 1692 3485 retinet
1716 3416 1901 3504 laquintus
1936 3414 2089 3484 clericus
2124 3417 2219 3482 tilius
2254 3417 2434 3502 quondam

575 3572 681 3658 petri,
708 3571 770 3659 qui
794 3551 910 3637 dictus
935 3573 989 3636 est
1011 3571 1153 3646 sranou,
1179 3572 1217 3636 et
1239 3571 1294 3637 est
1317 3571 1431 3638 totum
1456 3589 1526 3638 uno
1551 3553 1710 3638 tenient‘e
1734 3587 1799 3654 per
1821 3569 1908 3636 fines
1932 3570 1968 3634 et
1991 3543 2189 3660 mensuras,
2206 3567 2300 3632 iusto
2325 3585 2433 3652 passu

574 3722 725 3790 hominis
749 3724 990 3790 mensuratas.
1017 3705 1046 3786 A'
1070 3723 1175 3806 parte
1198 3721 1348 3789 orientis
1371 3721 1441 3788 fine
1466 3725 1573 3790 rebus
1596 3721 1708 3809 ipsius
1731 3720 1851 3788 domni
1875 3718 2059 3806 principis,
2079 3718 2172 3806 quod
2196 3718 2242 3785 ad
2259 3719 2423 3786 laboran-

579 3879 661 3946 dum
688 3877 821 3944 retinet
844 3875 920 3962 ipse
942 3876 1129 3962 iaquintus
1152 3875 1317 3954 clericus,
1335 3875 1420 3950 inde
1442 3879 1535 3962 passi
1560 3877 1704 3942 centum
1728 3875 1896 3944 sedecim:
1922 3874 1952 3940 Α
1976 3876 2080 3960 parte
2105 3875 2376 3968 septemtrionis
2386 3874 2436 3940 si-

575 4031 710 4098 militer
733 4031 803 4096 tine
827 4031 932 4096 rebus
955 4029 1195 4118 suprascripti
1218 4030 1338 4098 domni
1362 4028 1548 4117 principis,
1574 4028 1667 4116 quod
1691 4026 1989 4120 adlaborandum
2013 4026 2148 4094 retinet
2171 4025 2346 4094 iohannes
2369 4028 2437 4115 qui

577 4183 711 4250 dicitur
734 4183 778 4251 de
800 4201 920 4269 geeza,
946 4181 1029 4288 inde
1053 4183 1149 4268 passi
1173 4186 1316 4250 centum
1339 4182 1471 4268 viginti
1495 4183 1673 4270 quinque:
1700 4183 1730 4248 Α
1754 4183 1858 4268 parte
1880 4179 2076 4250 occidentis
2097 4163 2178 4250 finis
2201 4180 2261 4248 via
2285 4201 2429 4250 mensu-

574 4336 647 4402 rati
671 4355 736 4423 per
760 4339 837 4422 ipsa
854 4335 914 4404 via
937 4339 1032 4424 passi
1046 4337 1290 4424 quadraginta
1313 4335 1484 4423 quinque,
1509 4338 1546 4403 et
1558 4336 1687 4403 abinde
1701 4333 1877 4402 modicum
1895 4335 2043 4404 laxante
2059 4334 2138 4419 ipsa
2153 4336 2212 4402 via
2228 4337 2265 4402 et
2279 4291 2435 4404 abiente'

571 4488 610 4556 in
633 4489 712 4576 ipsa
736 4492 839 4577 parte
863 4490 1014 4558 orientis
1037 4490 1143 4556 iuxta
1166 4491 1271 4556 linem
1288 4489 1401 4576 ipsius
1424 4491 1543 4557 domni
1560 4488 1746 4576 principis,
1765 4489 1858 4574 quod
1883 4488 1929 4558 ad
1952 4487 2188 4556 laborandum
2206 4488 2341 4556 retinet
2354 4487 2438 4574 ipse

571 4642 744 4710 iohannes
767 4642 810 4708 de
833 4661 964 4727 geeza,
1005 4642 1089 4710 inde
1113 4645 1312 4712 mensurati
1336 4647 1431 4733 passi
1455 4645 1520 4714 alii
1544 4643 1790 4732 quadraginta
1812 4645 1983 4730 quinque.
2017 4645 2054 4708 et
2077 4640 2232 4710 rebolvit
2254 4643 2294 4709 in
2318 4645 2429 4728 parte

572 4796 724 4864 meridie
747 4814 810 4882 prr
833 4795 904 4862 fine
927 4796 1165 4883 suprascripti
1188 4798 1309 4866 domni
1332 4798 1527 4885 principis,
1553 4796 1646 4884 quod
1670 4795 1716 4863 ad
1740 4793 1972 4862 laborandum
1995 4793 2129 4861 retinet
2153 4793 2229 4880 ipse
2252 4794 2436 4864 iohannes

577 4949 621 5016 de
644 4969 765 5035 gecza,
792 4949 876 5017 inde
898 4950 995 5036 passi
1018 4951 1213 5038 sexaginta
1236 4953 1407 5040 quinque.
1433 4956 1469 5020 et
1493 4899 1647 5021 rebolvit
1671 4953 1710 5019 in
1733 4952 1813 5039 ipsa
1837 4954 1940 5037 parte
1962 4951 2112 5020 orientis
2136 4970 2200 5038 per
2223 4951 2293 5016 fine
2317 4949 2442 5036 ipsius

572 5103 694 5170 domni
718 5101 904 5190 principis,
923 5103 1016 5189 quod
1041 5103 1086 5170 ad
1109 5103 1343 5170 laborandum
1369 5103 1500 5170 retinet
1522 5105 1671 5172 heredes
1693 5105 1737 5170 de
1762 5105 1918 5196 Andrea,
1937 5103 1998 5190 qui
2021 5102 2137 5170 dictus
2160 5104 2217 5169 est
2235 5091 2442 5187 caspanicu

571 5257 608 5321 et
631 5256 726 5341 passi
751 5255 917 5343 triginta.
954 5259 991 5322 et
1013 5257 1167 5350 rebolvit
1189 5257 1229 5324 in
1252 5259 1331 5345 ipsa
1354 5261 1458 5344 parte
1482 5223 1630 5325 meridie
1653 5277 1717 5343 per
1741 5257 1854 5344 ipsam
1879 5257 1984 5326 finem
2009 5255 2103 5343 passi
2126 5259 2270 5340 septem.
2309 5256 2347 5320 et
2372 5273 2444 5322 re-

571 5409 683 5477 bolvit
707 5411 745 5477 in
768 5410 846 5497 ipsa
870 5413 974 5496 parte
997 5410 1147 5478 orientis
1170 5429 1235 5497 per
1257 5412 1326 5478 line
1350 5413 1463 5498 ipsius
1485 5412 1605 5480 domni
1628 5412 1829 5500 principis,
1870 5413 1963 5504 quod
1988 5411 2121 5479 retinet
2143 5412 2219 5498 ipse
2248 5412 2447 5482 iohannes

569 5563 613 5631 de
636 5581 755 5648 gecza,
780 5563 877 5650 passi
902 5565 1040 5631 nobem.
1073 5568 1110 5630 et
1134 5565 1287 5632 rebolvit
1310 5564 1348 5631 in
1372 5565 1451 5650 ipsa
1474 5567 1577 5651 parte
1601 5515 1749 5634 meridie
1773 5583 1837 5650 per
1860 5565 1983 5648 eadem
2006 5567 2113 5632 linem
2137 5565 2234 5652 passi
2258 5563 2323 5632 alii
2345 5583 2448 5658 sep-
2483 5600 2488 5608 ·

572 5719 657 5784 tem.
683 5717 737 5784 Ab
760 5716 834 5804 ipsa
858 5720 962 5804 parte
986 5717 1136 5785 meridie
1157 5717 1228 5785 line
1250 5717 1488 5805 suprascripti
1503 5717 1623 5785 domni
1646 5717 1832 5805 principis,
1858 5718 1950 5806 quod
1976 5719 2108 5787 retinet
2130 5719 2449 5793 adlaborandum
