5398 7106
585 486 655 570 ret
1208 477 1385 568 66661(
1416 491 1586 566 clvnu
1608 492 1692 566 sls

478 693 481 703 '
538 687 748 776 guaimarii,
773 707 892 758 mense
914 691 1073 768 octuber,
1099 690 1231 777 quarta
1255 686 1462 756 indictione.
1487 677 1661 755 iohannes
1686 683 1904 754 vestararius
1927 683 2039 772 ipsius
2062 683 2182 752 domni
2206 682 2386 772 principis

539 845 787 921 clarefecerat,
805 847 846 911 ut
861 841 1146 912 venundedisset
1161 842 1194 910 61
1208 841 1391 910 maraldus
1414 840 1598 930 episcopus
1621 843 1745 910 sancte
1767 839 1861 908 sedis
1876 839 2071 908 sirrentine
2087 842 2188 908 terra
2211 858 2292 907 curn
2308 855 2393 907 casa

540 999 673 1068 fabrita
695 997 855 1068 solarata
878 1017 959 1066 cum
981 999 1081 1066 scala
1104 999 1236 1066 fabrita
1259 1000 1296 1064 61
1319 995 1517 1065 serricidiis
1540 996 1637 1064 intus
1660 996 1755 1063 hanc
1778 995 1962 1062 civitatem
1985 993 2031 1062 ad
2046 997 2192 1066 hortum
2209 1012 2393 1080 magnum,

540 1171 647 1240 prope
670 1155 859 1220 ecclesiam
881 1155 1006 1222 sancte
1030 1154 1167 1230 marie,
1191 1151 1286 1220 sicut
1308 1155 1341 1220 ei
1366 1155 1470 1220 carta
1493 1151 1716 1226 continebam
1742 1151 1778 1218 61
1801 1147 2080 1216 venumdederat
2102 1149 2135 1214 61
2159 1147 2235 1234 1666
2258 1149 2393 1234 661666-

541 1326 607 1394 666
629 1308 757 1376 1661116
781 1327 839 1377 666
861 1327 964 1376 suam
987 1308 1030 1376 de
1053 1309 1273 1396 propiciam,
1301 1307 1362 1375 ubi
1386 1307 1574 1376 tauranico
1598 1298 1810 1392 dicebatur,
1835 1308 1872 1372 61
1895 1324 1959 1391 666
1982 1303 2056 1372 6116
2079 1303 2222 1372 6661616
2246 1321 2394 1370 venum-

540 1466 685 1534 dederat
707 1465 740 1534 ei
763 1465 839 1554 1666
863 1464 1049 1552 episcopus
1073 1464 1172 1551 pecie
1196 1464 1240 1532 de
1264 1467 1370 1532 rebus
1394 1462 1488 1550 quod
1512 1463 1669 1530 habebat
1693 1460 1827 1547 inipso
1851 1460 1927 1526 1666
1950 1457 2166 1546 propiciam,
2191 1459 2228 1524 61
2252 1475 2397 1524 venum·

540 1619 690 1688 dederat
712 1621 746 1687 ei
769 1619 945 1688 monimen
968 1620 1175 1688 continente
1198 1619 1242 1686 16
1265 1619 1353 1706 16616
1376 1620 1476 1684 terra
1514 1636 1595 1683 curn
1619 1634 1703 1683 casa
1725 1617 1763 1681 61
1786 1615 1903 1690 rebus,
1945 1611 2044 1679 Unde
2067 1612 2143 1698 1666
2178 1608 2395 1679 vestararius

540 1776 746 1844 ostenderat
768 1773 1020 1862 scriptionibus
1043 1775 1080 1840 et
1103 1773 1281 1841 monimen
1298 1771 1428 1840 exinde
1451 1773 1704 1859 pertinentem,
1722 1789 1769 1838 ex
1792 1769 1921 1858 quibus
1943 1767 1982 1836 in
1997 1787 2041 1836 ea
2057 1768 2282 1835 declaratum
2298 1767 2394 1842 erat,

541 1933 578 1998 61
600 1945 681 1998 666(
706 1928 852 1996 1666661
874 1930 979 2006 16616,
998 1928 1073 2014 1666
1089 1929 1262 1994 iohannes
1284 1917 1507 1994 vestararius
1530 1945 1595 2012 666
1617 1926 1730 2013 ipsam
1756 1926 1895 1992 cartam
1912 1920 2192 1990 venumdederat
2214 1919 2282 2007 ipsi
2298 1922 2399 2006 petro

539 2085 612 2152 fllio
637 2083 790 2173 iaquinti
814 2081 969 2150 sculdais
992 2082 1120 2149 inclita
1143 2082 1222 2167 ipsa
1245 2084 1345 2148 terra
1367 2100 1449 2149 curn
1472 2101 1555 2149 casa
1577 2100 1658 2150 curn
1682 2081 1779 2148 scale
1802 2079 1933 2148 fabrite
1956 2097 2019 2145 sue
2044 2079 2183 2144 etcum
2207 2075 2395 2144 serricidio

539 2247 615 2318 suo,
642 2244 678 2308 et
701 2239 859 2329 qualiter
881 2238 1045 2306 66661616
1068 2239 1105 2303 61
1127 2237 1293 2305 61116616
1316 2238 1423 2312 6661,
1448 2239 1486 2303 61
1509 2255 1590 2303 cum
1614 2235 1692 2302 vice
1714 2235 1759 2302 de
1783 2235 1843 2302 via
1866 2236 1903 2300 61
1927 2233 2052 2300 andita
2072 2250 2165 2307 sua,
2191 2234 2228 2298 et
2252 2249 2397 2298 venum·

540 2395 689 2462 dederat
711 2398 742 2461 61
768 2395 845 2460 1616
866 2391 1075 2480 6666611616
1099 2395 1205 2458 rebus
1228 2410 1251 2458 a
1274 2394 1369 2459 foras
1392 2394 1461 2458 hac
1485 2389 1632 2459 civitate
1655 2390 1699 2457 16
1715 2388 1876 2476 66611616
1900 2390 1976 2455 1666
2000 2383 2215 2474 6666161666,
2234 2385 2295 2453 ubi
2319 2389 2399 2451 tau-

541 2548 663 2617 ranico
687 2547 928 2624 dicitur,cu1n
952 2547 1077 2615 inclito
1102 2547 1233 2614 molino
1257 2548 1294 2614 61
1317 2566 1397 2612 cum
1422 2564 1518 2622 casa,
1536 2563 1607 2631 666
1630 2544 1668 2611 16
1691 2543 1771 2630 1666
1794 2546 1903 2611 rebus
1926 2542 2092 2610 edificata
2115 2540 2399 2627 6661166666·

539 2705 615 2770 1616
639 2701 673 2769 61
697 2701 816 2770 166661
838 2703 875 2768 61
897 2702 978 2767 6661
1000 2699 1330 2786 6661166616,16,166
1354 2702 1447 2767 hanc
1471 2699 1653 2767 civitatem
1671 2697 1833 2784 predicta
1849 2700 1949 2766 terra
1972 2699 2009 2765 61
2031 2717 2128 2774 6666,
2147 2705 2181 2764 61
2205 2696 2248 2763 16
2265 2698 2400 2784 quanta

542 2860 647 2924 rebus
671 2855 707 2922 16
732 2854 891 2941 66611616
915 2853 1135 2940 6666161666,
1155 2852 1216 2920 ubi
1232 2853 1422 2920 tauranico
1446 2852 1590 2930 dicitur,
1609 2853 1703 2938 6661
1728 2855 1831 2920 ambo
1855 2853 1931 2938 ipse
1947 2848 2198 2940 scriptionibus
2221 2855 2399 2920 6661666-

543 3010 738 3085 tinentem,
764 3009 857 3097 quod
881 3007 956 3095 ipse
980 3007 1164 3094 episcopus
1188 3006 1222 3074 ei
1246 3007 1427 3082 emiserat,
1456 3006 1620 3074 inclitum
1645 3007 1737 3074 illud
1760 3009 1794 3074 ei
1817 3008 2099 3075 venundederat
2129 3025 2211 3075 curn
2235 3009 2399 3074 omnibus

541 3166 637 3232 infra
660 3164 743 3250 ipss
767 3165 872 3230 rebus
895 3161 1110 3230 habentibus
1133 3163 1170 3228 et
1192 3161 1266 3228 suis
1290 3161 1568 3246 pertinentibus.
1587 3164 1720 3229 etcum
1744 3161 1821 3228 vice
1844 3161 1887 3228 de
1911 3161 1967 3228 vie
1990 3179 2075 3238 sue,
2101 3165 2138 3228 et
2160 3160 2395 3228 venumdede-

546 3320 604 3384 rat
626 3320 658 3382 ei
685 3320 760 3384 tota
783 3317 861 3402 ipsa
885 3316 1084 3384 munimina
1108 3335 1176 3404 666
1192 3317 1242 3383 ibi
1258 3316 1443 3385 declarata
1466 3319 1571 3385 erant
1593 3337 1674 3384 cum
1697 3319 1818 3386 omnia
1832 3305 2015 3406 'quantum
2040 3318 2261 3392 continebat,
2280 3317 2326 3384 ad
2343 3318 2395 3385 fa-

541 3469 704 3537 ciendum
729 3467 859 3536 exinde
883 3469 944 3535 ille
968 3470 1104 3537 eteius
1128 3469 1276 3536 heredes
1300 3469 1393 3556 quod
1418 3469 1611 3544 voluerint,
1636 3469 2307 3556 6166116666661666611661,6661616
2330 3488 2394 3555 per

541 3629 680 3710 petrum
706 3625 898 3703 notarium,
923 3625 962 3692 in
986 3644 1058 3712 qua
1079 3624 1271 3710 subscripti
1294 3629 1379 3692 6661
1402 3627 1639 3702 landonolfus,
1665 3627 2392 3714 61166661666666116161661661666166.

542 3779 766 3846 Duodecima:
792 3779 830 3845 16
854 3779 995 3848 nomine
1017 3781 1152 3848 domini
1175 3780 1356 3848 tricesimo
1379 3781 1533 3848 secundo
1557 3800 1651 3848 anno
1668 3779 1893 3868 principatus
1915 3781 2035 3848 domni
2052 3781 2165 3848 nostri
2181 3781 2390 3868 guaimarii,

541 3935 578 3998 61
604 3932 711 3999 166116
735 3951 828 3999 6666
853 3933 1075 4020 principatus
1098 3933 1219 4002 domni
1242 3933 1436 4020 guaimarii
1460 3935 1537 4003 eius
1560 3934 1624 4002 filil
1648 3934 1809 4019 gloriosis
1832 3934 2065 4021 principibus,
2093 3953 2210 4003 mense
2233 3937 2395 4014 octuber,

541 4087 672 4173 quarta
696 4083 902 4154 indictione.
927 4089 1216 4155 Memoratorium
1241 4091 1375 4162 factum
1399 4107 1421 4156 a
1444 4107 1500 4156 me
1524 4090 1647 4174 petrus
1669 4089 1764 4157 filius
1787 4087 1963 4177 quondam
1988 4091 2143 4180 iaquinti
2166 4092 2333 4170 sculdais,
2353 4111 2396 4161 eo

540 4240 633 4327 quod
657 4243 742 4308 ante
766 4241 949 4327 presentia
972 4241 1258 4330 regemprandus
1281 4243 1403 4322 iudex,
1429 4264 1493 4331 pro
1517 4245 1594 4312 vice
1629 4232 1772 4313 mulieri
1805 4247 1948 4314 nomine
1971 4247 2041 4314 itta
2071 4248 2176 4315 uxori
2211 4267 2290 4316 mea
2323 4249 2397 4317 fllia

540 4394 719 4481 quondam
741 4396 848 4483 petri,
874 4416 938 4484 per
961 4399 1250 4467 convenientiam
1275 4399 1410 4468 tradidi
1428 4401 1502 4467 ursi
1525 4401 1599 4468 fllio
1622 4401 1803 4489 quondam
1828 4403 1939 4485 (deest
1955 4405 2098 4484 666166)
2127 4407 2263 4471 terram
2280 4423 2394 4472 meam

541 4569 622 4616 cum
646 4569 731 4619 casa
755 4551 906 4638 lignicia
928 4553 1089 4622 solarata
1104 4555 1149 4623 ad
1165 4556 1309 4622 hortum
1334 4574 1518 4641 magnum,
1537 4553 1629 4642 quod
1653 4553 1811 4640 pertinet
1833 4555 1946 4642 ipsius
1971 4557 2128 4634 mulieri,
2147 4557 2339 4626 coniuncta
2351 4559 2394 4626 ad

542 4707 699 4790 plateam
723 4705 936 4785 domnicam,
963 4727 1031 4795 que
1054 4711 1109 4776 est
1131 4708 1231 4776 intra
1254 4712 1320 4777 hec
1343 4709 1422 4778 fluis
1445 4712 1482 4776 et
1504 4727 1683 4777 mensure:
1702 4712 1732 4776 Α
1748 4729 1831 4796 pars
1853 4710 2047 4779 occidentis
2061 4712 2138 4778 ’166
2154 4712 2233 4798 1666
2256 4713 2393 4798 616166,

541 4857 627 4926 1616
651 4861 737 4927 6661
759 4860 866 4946 pedes
889 4860 1074 4929 tredecim:
1100 4863 1130 4928 A
1155 4881 1237 4950 pars
1261 4863 1410 4930 meridie
1434 4865 1518 4932 inde
1541 4867 1623 4932 sunt
1645 4864 1752 4952 pedes
1775 4869 1867 4933 octo:
1893 4867 1922 4932 Α
1946 4885 2031 4952 6666
2046 4867 2195 4935 66166116
2217 4867 2300 4936 1616
2314 4871 2396 4937 6661

540 5013 647 5100 pedes
671 5013 841 5082 tredecim
864 5016 1049 5102 61616616
1073 5037 1157 5085 una:
1184 5019 1214 5084 A
1237 5037 1322 5104 pars
1344 5020 1609 5105 septemtrionis
1632 5019 1880 5090 1666611166]
1897 5024 2071 5098 nostrum,
2089 5021 2272 5091 16166661
2288 5025 2394 5111 pedes

541 5168 703 5252 septema
739 5169 986 5256 suprascripta
1010 5170 1420 5271 (66666616166166616
1444 5175 1732 5243 manuhominis
1756 5179 1975 5245 mensurata.
2016 5180 2260 5265 suprascripta
2295 5182 2394 5249 terra

540 5338 620 5386 cum
645 5337 729 5388 oasa
752 5339 817 5408 per
840 5323 1087 5410 suprascripta
1110 5325 1179 5392 dne
1203 5329 1240 5392 et
1263 5325 1446 5393 mensoria
1468 5325 1502 5394 ei
1526 5325 1704 5404 tradidit,
1730 5347 1771 5396 eo
1795 5330 1969 5406 hordine,
2010 5333 2050 5398 61
2072 5331 2197 5400 amodo
2220 5335 2257 5401 et
2281 5352 2392 5422 66666

539 5491 604 5542 sex
628 5473 715 5542 anni
739 5477 904 5562 completi
928 5477 991 5545 illo
1013 5480 1151 5547 eteius
1174 5480 1324 5556 heredes
1347 5479 1396 5547 ibi
1421 5479 1578 5548 residere
1601 5481 1639 5547 et
1661 5479 1813 5559 abitare,
1847 5484 1884 5549 61
1906 5503 2028 5553 omnes
2052 5485 2198 5554 illorum
2223 5486 2391 5556 utilitatis

540 5624 638 5695 iusta
661 5626 800 5695 ratione
824 5627 956 5697 ibidem
980 5631 1112 5707 facere,
1131 5634 1168 5698 et
1190 5631 1235 5700 61
1260 5631 1487 5700 6661166166(
1511 5634 1612 5702 illam
1636 5633 1724 5702 1666
1748 5655 1859 5724 66666
1883 5633 1957 5724 1666
1980 5639 2175 5709 6666111616
2197 5643 2255 5710 661
2271 5646 2392 5713 volus·

538 5778 601 5844 rit.
628 5780 666 5846 61
687 5794 829 5865 semper
852 5779 996 5866 quando
1020 5783 1193 5853 meruerit
1216 5784 1312 5854 iusta
1335 5785 1475 5854 ratione
1498 5785 1577 5873 ipsa
1599 5784 1746 5857 traditio
1769 5791 1951 5879 cooperire
1974 5797 2011 5862 et
2025 5797 2190 5866 eonciare
2213 5799 2391 5868 faciamus
