5398 7106
628 436 698 508 212
1048 475 1050 480 v
1238 435 1413 510 cebet
1441 437 1713 516 GAVENSIS

579 633 644 698 bus
658 599 702 697 ‘et
725 631 798 697 suis
823 632 1063 718 pertinentiis,
1082 635 1119 700 et
1142 652 1222 699 cum
1248 633 1324 702 bice
1347 634 1390 701 de
1415 635 1490 722 ipse
1515 638 1582 713 bie,
1600 637 1646 703 ad
1671 637 1872 706 faciendum
1896 641 1940 708 de
1964 659 2025 708 eas
2050 661 2113 709 nos
2138 645 2174 710 et
2191 644 2321 710 nostris
2337 647 2439 712 here-

578 783 680 851 dibus
704 783 797 870 quod
822 785 1049 851 voluerimus.
1078 787 1123 851 Et
1146 785 1224 872 ipsa
1247 785 1330 853 biba
1355 789 1616 872 comprehensit
1639 789 1682 857 do
1706 790 1790 858 illut
1813 793 1905 879 qnod
1923 794 2015 862 sicut
2038 794 2207 874 diximus,
2227 815 2289 866 nos
2313 815 2438 883 supra·

576 937 702 1023 scripti
726 938 892 1023 germani
917 937 1115 1014 divisimus,
1136 941 1250 1026 ipsam
1274 941 1466 1006 secundam
1491 945 1622 1010 sortem
1647 946 1684 1008 et
1707 943 1750 1008 de
1775 945 1857 1013 illut
1882 951 1969 1033 quet
1991 948 2069 1036 ipsa
2093 949 2175 1016 biba
2191 949 2327 1017 divisit.
2342 949 2437 1016 sieut
2466 975 2472 980 ’

578 1091 749 1168 diximus,
776 1087 852 1178 ipsa
876 1093 958 1160 biba
981 1093 1244 1178 comprehensit
1266 1094 1344 1179 ipsa
1368 1095 1484 1179 prima
1508 1101 1615 1174 sorte,
1634 1099 1789 1184 qualiter
1811 1101 1974 1186 superius
1998 1104 2101 1170 ambo
2125 1102 2199 1188 ipse
2222 1105 2329 1170 sortis
2346 1104 2438 1168 facte

575 1252 672 1324 sunt,
700 1266 779 1313 cum
805 1247 929 1315 omnia
953 1247 1051 1314 intro
1075 1267 1112 1314 sc
1137 1250 1325 1317 abentibus
1349 1251 1385 1314 et
1408 1250 1481 1317 suis
1506 1252 1733 1340 pertinentiis
1757 1255 1893 1320 etcum
1922 1254 1999 1321 bice
2030 1256 2072 1322 de
2097 1256 2171 1341 ipse
2197 1257 2252 1322 b'ie
2269 1305 2291 1330 „
2318 1257 2363 1324 ad
2388 1259 2438 1324 fa-

577 1403 743 1470 ciendum
767 1402 810 1469 de
835 1402 899 1470 eas*
922 1409 999 1488 ipsa
1026 1404 1106 1471 biba
1129 1405 1258 1471 eteius
1282 1406 1443 1481 heredes,
1463 1405 1555 1491 <qued
1579 1407 1770 1473 voluerint.
1801 1411 1845 1474 Et
1868 1428 1932 1495 per
1948 1410 2244 1478 combeuientiam
2258 1410 2335 1496 ipsa
2352 1411 2435 1478 biba

574 1557 768 1623 secundum
791 1557 908 1641 legem
933 1562 969 1622 et
993 1576 1220 1624 romanorum
1245 1551 1457 1624 consuetudo
1481 1556 1652 1641 guadiam
1677 1559 1778 1626 nobis
1802 1558 1900 1627 dedit
1923 1564 1960 1628 et
1983 1553 2349 1630 mediatorem'nobis
2374 1585 2435 1650 po·

575 1713 650 1779 suit
676 1731 756 1780 urse
781 1731 1038 1812 germanosuo
1063 1713 1136 1778 filio
1160 1711 1395 1797 suprascripti
1422 1712 1552 1807 basilii.
1580 1715 1624 1778 Et
1648 1733 1711 1798 per
1735 1713 1847 1800 ipsam
1872 1716 2042 1801 guadiam
2068 1721 2137 1784 ete:
2155 1719 2328 1800 Sequitur
2349 1739 2433 1786 con-

576 1875 679 1938 suetu
702 1871 895 1952 sorrentu,
921 1872 1060 1936 statuite
1092 1869 1228 1934 =niulctu
1254 1870 1522 1952 quinquaqinta
1546 1871 1633 1936 uuri
1656 1872 1855 1938 solidorum
1883 1874 2126 1941 Constantini.
2168 1876 2212 1940 Et
2251 1875 2288 1940 in
2310 1876 2436 1960 sepr'a·

576 2026 711 2111 scripta
735 2024 918 2102 divisione,
945 2007 1255 2113 quemammodum
1278 2024 1442 2111 superius
1466 2025 1630 2108 legitur,
1657 2025 1722 2093 illa
1745 2032 1782 2093 et
1805 2029 1881 2096 eius
1904 2028 2052 2096 heredes
2084 2029 2269 2096 nobiscum
2287 2031 2331 2096 et
2354 2049 2434 2096 cum

575 2183 704 2249 nestris
729 2182 920 2248 heredibus
943 2200 1083 2266 semper
1106 2180 1257 2246 firmiter
1281 2185 1548 2268 permanerent.
1586 2181 1641 2246 Sic
1668 2186 1787 2248 tamen
1824 2184 2068 2270 suprascripta
2109 2203 2295 2252 mensuras
2336 2186 2430 2252 iusto

576 2357 682 2426 passu
706 2339 835 2405 ominis
858 2348 1097 2404 mensuratus:
1124 2336 1215 2426 qued
1239 2335 1365 2420 scripsi
1389 2354 1454 2421 ego
1478 2339 1601 2420 petrus
1626 2325 1796 2404 notarius.

614 2495 640 2586 †
666 2499 738 2581 Ego
764 2493 928 2562 alderissi
954 2493 1117 2560 notarius
1142 2473 1203 2557 me⁰
1220 2488 1427 2576 subscripsi.

617 2651 644 2740 †
669 2654 743 2736 Ege
767 2643 989 2734 grimoaldus
1014 2647 1174 2713 notarius
1199 2667 1254 2712 me
1277 2646 1484 2732 subscripsi.

1329 3037 1460 3118 MC(
1459 3039 1636 3120 JXVII

1346 3293 1405 3366 A.
1433 3291 1492 3364 D.
1521 3290 1656 3365 1055Ι

617 3557 643 3648 †
669 3561 707 3625 In
732 3557 873 3624 nomine
890 3557 1021 3624 domini
1038 3557 1303 3644 quartodecimo
1321 3579 1414 3625 airno
1431 3559 1656 3648 principatus
1671 3559 1792 3626 domni
1817 3559 1928 3627 nostri
1951 3559 2070 3645 gisulfi
2083 3561 2231 3646 gloriosi
2257 3563 2435 3650 principis

571 3713 871 3798 longobardorum
896 3713 1028 3796 gentis,
1057 3731 1175 3778 mense
1201 3713 1333 3787 iunius,
1359 3717 1486 3780 octaba
1510 3712 1717 3782 indictione.
1744 3716 1813 3782 Nos
1838 3715 2011 3782 iohannes
2034 3715 2128 3780 filius
2154 3683 2331 3802 quondam
2356 3718 2436 3802 gri-

573 3871 716 3946 moaldi,
732 3873 768 3936 et
784 3869 913 3936 mulier
930 3868 1070 3936 nomine
1082 3868 1218 3944 desem,
1239 3869 1300 3954 qui
1317 3887 1440 3935 sumus
1458 3872 1511 3935 vir
1526 3872 1562 3936 et
1579 3890 1682 3946 uxor,
1700 3873 1736 3936 et
1752 3872 1895 3938 alfanus
1919 3871 2012 3938 filius
2028 3870 2206 3957 quondum
2224 3871 2378 3938 maraldi
2396 3875 2437 3938 et

565 4027 674 4096 sanda
699 4025 755 4091 vir
778 4029 815 4091 et
841 3997 948 4098 uxor,
966 4025 1003 4089 et
1020 4021 1159 4090 altinus
1182 4022 1276 4089 filius
1300 4023 1477 4110 quondam
1504 4026 1670 4100 marcidi,
1698 4027 1759 4112 qui
1783 4027 1898 4093 dictus
1923 4029 1977 4093 est
1993 4026 2036 4093 de
2054 4025 2215 4110 inquieto
2232 4029 2269 4091 et
2285 4026 2439 4126 delecta

570 4183 632 4271 qui
656 4199 777 4248 sumus
802 4178 917 4245 viret
941 4198 1049 4252 uxor,
1075 4181 1111 4243 et
1134 4197 1256 4246 sumus
1280 4178 1345 4246 toti
1369 4179 1557 4248 abitatoris
1581 4181 1623 4247 de
1649 4182 1763 4248 locum
1791 4181 1992 4258 mitilian03
2019 4185 2111 4250 bona
2135 4184 2254 4248 nostra
2280 4186 2316 4248 et
2340 4201 2438 4267 gra-

572 4336 900 4429 tuitavolnntate,
926 4333 1051 4399 damus
1076 4335 1113 4398 et
1136 4335 1316 4400 offerimus
1341 4332 1377 4398 in
1403 4330 1596 4402 benerabili
1620 4335 1834 4402 monasterio
1857 4335 1925 4403 site
1950 4335 1988 4403 in
2012 4354 2128 4412 cava,
2169 4337 2264 4422 quod
2288 4335 2331 4401 de
2355 4336 2440 4421 ipso

572 4497 656 4564 leco.
675 4493 851 4574 mitiliano
876 4493 1036 4568 dicitur,
1078 4492 1135 4558 ubi
1160 4506 1306 4582 sancius
1331 4493 1433 4574 pater
1458 4494 1577 4558 noster
1602 4491 1656 4558 leo
1681 4483 1792 4558 abbas
1816 4493 1959 4576 preest,
1988 4490 2149 4574 integras
2173 4489 2262 4556 duas
2286 4491 2441 4575 peccias

573 4649 616 4716 de
642 4647 749 4716 terris
775 4653 874 4718 nobis
899 4650 978 4716 iure
1002 4647 1216 4734 patrimonio
1241 4647 1481 4732 pertinentes3
1509 4663 1661 4731 quarum
1686 4645 1804 4728 prima
1827 4645 1880 4710 est
1903 4644 1941 4710 in
1965 4643 2041 4710 lece
2064 4642 2221 4722 predicto
2246 4643 2443 4712 rnetiliane

574 4806 635 4872 ubi
659 4807 794 4891 lapella
817 4805 977 4878 dicitur,
1004 4824 1070 4890 qne
1094 4806 1148 4870 est
1173 4820 1235 4887 per
1259 4803 1371 4877 fines3
1406 4801 1452 4866 da
1475 4803 1578 4886 parte
1601 4757 1749 4865 orientis
1773 4798 1841 4862 flne
1866 4797 1924 4864 ubi
1947 4817 1985 4864 se
2009 4801 2235 4884 coniungunt
2262 4797 2332 4866 due
2358 4799 2441 4873 bie,

575 4963 679 5047 quasi
705 4961 798 5045 passi
823 4958 904 5024 dne:
931 4959 960 5022 Α
985 4961 1087 5044 parte
1113 4957 1260 5023 meridie
1283 4957 1352 5021 fme
1377 4955 1447 5030 bia,
1474 4953 1576 5020 etde
1600 4953 1677 5039 ipsa
1702 4951 1759 5018 bia
1784 4957 1954 5038 pergente
1979 4954 2015 5020 in
2042 4957 2144 5039 parte
2160 4953 2446 5040 septemtrionis
2516 4977 2522 4988 ·

575 5116 611 5179 et
635 5113 874 5197 coniungente
900 5111 936 5180 in
959 5111 1065 5178 dnbio
1090 5110 1133 5176 de
1158 5110 1235 5196 ipsa
1261 5109 1421 5194 lapella,
1442 5107 1508 5202 ubi
1532 5109 1658 5174 canale
1682 5107 1723 5174 de
1747 5107 1822 5192 ipse
1847 5107 1952 5174 dubio
1975 5107 2120 5181 cecidit,
2146 5107 2249 5174 etde
2273 5107 2348 5193 ipso
2374 5129 2450 5176 ca-

578 5267 660 5353 nale
684 5266 917 5334 descendente
942 5265 979 5331 in
1005 5268 1107 5351 parte
1130 5263 1280 5332 orientis
1305 5281 1368 5350 per
1393 5263 1545 5329 medium
1573 5263 1648 5350 ipso
1673 5258 1775 5328 nnbio
1800 5281 1909 5350 usque
1933 5262 1994 5348 qui
2018 5282 2055 5329 se
2080 5261 2268 5347 coniungit
2292 5261 2326 5326 in
2352 5261 2450 5348 ipsa

575 5439 670 5506 aqua
694 5421 736 5486 de
762 5421 835 5504 ipse
859 5420 993 5496 dubio,
1033 5423 1069 5485 et
1093 5419 1139 5484 da
1163 5417 1245 5484 inde
1270 5419 1443 5503 pergente
1468 5435 1528 5503 per
1552 5383 1629 5504 ipsa
1655 5415 1712 5484 bia
1736 5419 1838 5504 quasi
1861 5417 1897 5482 in
1924 5419 2025 5502 parte
2049 5415 2197 5482 meridie
2221 5417 2258 5482 et
2281 5417 2452 5486 coniun-

574 5577 682 5658 gente
706 5573 743 5639 in
767 5573 1015 5658 suprascripta
1039 5573 1098 5640 bia
1123 5571 1168 5638 da
1184 5573 1287 5657 parte
1311 5569 1460 5636 meridie
1484 5568 1602 5654 priore
1619 5571 1699 5638 nne.
1718 5571 1801 5638 Alia
1824 5574 1878 5636 est
1901 5569 1939 5636 in
1955 5562 2174 5656 pertinentia
2189 5571 2304 5636 sancti
2321 5569 2454 5638 Adiu-

575 5730 656 5808 teri‚
678 5730 736 5798 ubi
761 5728 787 5796 li
811 5729 1053 5798 soarzaventri
1076 5728 1219 5805 dicitur,
1238 5729 1346 5821 qnia
1369 5731 1471 5813 purte
1495 5725 1655 5800 orientis,
1681 5723 1874 5792 occidentis
1897 5728 1933 5790 et
1955 5723 2222 5826 septemtrionis
2245 5722 2450 5793 dnissunt
