5454 7104
586 455 654 530 172
1221 449 1704 532 CODEXGAVENSIS

530 670 556 719 a
578 652 615 718 la
639 650 796 718 cisterna
819 647 964 726 dicitur,
990 667 1053 716 nos
1076 647 1251 716 nominati
1273 646 1438 734 germani
1461 649 1499 716 et
1521 649 1667 734 nepotes
1690 647 1727 713 et
1749 645 1879 715 nostris
1902 643 2072 716 eredibus
2103 662 2272 714 aveamus
2295 647 2390 712 omni
2463 689 2465 696 -

532 809 695 891 tempore
719 804 763 871 de
786 804 862 891 ipso
886 801 1085 871 insirtitum
1108 797 1409 888 quintadecimam
1432 803 1633 890 portionem
1656 801 1695 871 in
1718 821 1802 891 pars
1825 801 2118 891 septemtrionis,
2155 803 2192 868 et
2226 799 2300 886 ipse
2327 798 2392 866 mi-

534 957 640 1025 randi
664 977 744 1024 cum
768 958 847 1044 ipsa
870 957 1049 1044 genitrice
1071 974 1137 1024 sua
1159 959 1196 1024 et
1219 956 1362 1024 illorum
1385 955 1552 1026 eredibus
1574 959 1707 1026 abeant
1728 956 1826 1025 omni
1850 960 2008 1042 tempore
2043 955 2121 1041 ipsa
2144 955 2288 1022 illorum
2311 972 2386 1022 sor·

532 1112 632 1180 tione
656 1113 699 1179 (16
723 1111 798 1199 ipso
822 1111 1046 1191 insirtitum,
1072 1112 1166 1200 quod
1190 1113 1244 1179 es't
1266 1111 1310 1179 de
1333 1110 1613 1178 sextadecimam
1637 1113 1776 1198 partem
1802 1127 1913 1178 unam
1937 1109 1976 1178 in
1999 1128 2083 1196 pars
2106 1109 2267 1178 meridie:
2294 1105 2389 1176 simi-

532 1265 617 1334 liter
640 1269 677 1334 et
699 1267 858 1334 habeant
879 1267 976 1334 omni
999 1269 1160 1354 tempore
1184 1267 1260 1354 ipse
1284 1265 1441 1334 mirandi
1464 1266 1543 1352 ipsa
1566 1284 1632 1333 sua
1653 1265 1809 1333 sortione
1832 1264 1925 1352 quod
1948 1267 2002 1331 est
2035 1263 2079 1330 de
2109 1265 2389 1332 sextadecimam

531 1422 673 1506 partem
698 1437 770 1486 una
793 1416 837 1485 de
859 1436 944 1486 casa
967 1417 1124 1486 deintus
1147 1418 1293 1487 castello
1318 1417 1476 1486 nucerie.
1504 1420 1543 1484 111
1566 1417 1632 1484 tali
1648 1418 1772 1485 ordine
1795 1417 1881 1485 illut
1903 1417 2060 1502 ipsorum
2085 1415 2242 1484 mirandi
2257 1419 2294 1482 61
2308 1416 2389 1485 sika
2426 1428 2429 1438 ·

532 1571 746 1650 remisimus,
774 1572 961 1640 ut‘amodo
984 1576 1021 1640 et
1044 1590 1185 1656 semper
1207 1571 1304 1639 omni
1328 1574 1487 1658 tempore
1510 1573 1582 1640 illis
1605 1575 1643 1640 et
1665 1573 1810 1640 illorum
1834 1572 1998 1642 eredibus
2022 1573 2106 1640 illut
2121 1571 2310 1649 abendam,
2328 1571 2390 1640 do·

534 1726 759 1804 minandum,
783 1726 1046 1813 possidendum.
1073 1728 1117 1793 Et
1140 1726 1171 1793 si
1194 1725 1335 1793 vonerit
1357 1725 1443 1792 illut
1465 1726 1634 1802 dandum,
1660 1745 1731 1794 non
1754 1727 1886 1794 abeant
1907 1727 2083 1812 potestate
2106 1725 2152 1794 ((1
2176 1725 2283 1794 alteri
2306 1725 2394 1793 omi·

532 1881 637 1948 nibus
659 1881 742 1948 illut
765 1881 853 1948 dare
876 1899 941 1968 per
956 1879 1067 1948 nullis
1090 1879 1216 1954 modis,
1231 1880 1353 1966 preter
1376 1879 1422 1946 ad
1446 1879 1692 1955 lavorandum,
1712 1877 1782 1946 nisi
1806 1877 1852 1946 ad
1875 1897 1936 1947 nos
1959 1883 1996 1947 et
2019 1879 2065 1947 ad
2081 1879 2213 1947 nostris
2228 1879 2393 1947 enodibus

532 2035 618 2103 illut
640 2036 748 2103 deant
770 2035 816 2102 ad
839 2035 932 2102 iusto
956 2035 1114 2102 vallente
1137 2034 1306 2118 pretium,
1325 2051 1393 2121 que
1417 2031 1629 2100 1111111116
1652 2033 1762 2100 fuerit
1785 2034 2025 2120 appretiatum
2049 2053 2113 2120 per
2124 2035 2243 2102 doctos
2258 2036 2392 2103 omines

535 2185 642 2254 deum
666 2186 844 2263 timentes,
870 2193 907 2253 et
930 2186 1072 2273 quando
1088 2185 1229 2252 venerit
1251 2184 1336 2252 illut
1358 2183 1529 2262 dandum,
1555 2185 1692 2252 faciant
1714 2204 1777 2252 nos
1801 2188 1857 2252 vel
1884 2186 2016 2253 nostris
2032 2188 2199 2256 eredibus
2221 2189 2313 2256 scire
2329 2209 2392 2276 pro

531 2339 619 2408 illut
644 2340 837 2407 tollendum
861 2358 925 2426 per
948 2340 1056 2406 tertio
1080 2299 1313 2407 constitutum
1337 2357 1448 2426 usque
1472 2337 1548 2405 dies
1572 2339 1724 2426 triginta
1746 2359 1835 2416 sex;
1860 2341 1897 2406 et
1921 2338 1952 2406 si
1976 2343 2074 2408 insra
2096 2339 2176 2426 ipsa
2197 2341 2392 2410 constituta

535 2493 756 2562 noluerimus
779 2493 865 2559 illut
887 2511 1005 2560 emere
1029 2493 1166 2578 abipso
1190 2493 1283 2559 iusto
1306 2492 1467 2559 saliente
1490 2495 1659 2578 pretium,
1677 2497 1756 2578 post
1778 2493 1857 2580 ipsa
1872 2494 2069 2562 constituta
2084 2495 2193 2562 liceat
2208 2496 2289 2563 illut
2303 2497 2390 2565 dare

529 2648 592 2730 cni
617 2647 862 2715 boluerimus:
889 2665 972 2714 nam
997 2646 1027 2714 si
1051 2648 1135 2714 ante
1159 2646 1237 2733 ipsa
1261 2646 1457 2714 constituta
1479 2647 1691 2733 cuicumque
1715 2645 1799 2713 illut
1821 2647 1986 2716 dederint
2008 2649 2086 2725 sic,
2120 2653 2159 2717 ut
2181 2651 2225 2717 do
2248 2650 2392 2719 illorum

535 2804 713 2888 potestate
736 2805 864 2889 pareat
886 2821 953 2869 exe
976 2803 1231 2888 supstractum,
1256 2800 1334 2868 sine
1358 2801 1513 2886 pretium
1538 2804 1752 2888 perveniant
1775 2805 1821 2872 ad
1844 2808 2018 2890 potestate
2054 2809 2176 2874 nostra
2199 2809 2236 2872 61
2258 2807 2301 2874 de
2327 2827 2389 2875 no-

528 2957 618 3023 stris
641 2956 834 3035 eredibuS,
875 2957 1077 3024 faciendum
1101 2957 1222 3024 omnia
1247 2956 1339 3044 quod
1364 2958 1593 3024 voluerimus.
1627 2961 1671 3026 nt
1693 2959 1769 3046 ipse
1793 2958 1978 3026 mirandus
2002 2978 2082 3027 cum
2107 2959 2185 3046 ipsa
2208 2959 2393 3029 nominata

536 3110 618 3178 silea
641 3130 705 3198 per
728 3110 852 3178 eadem
876 3110 1139 3178 combenientia
1162 3110 1379 3178 remiserunt
1401 3111 1447 3178 ad
1471 3113 1595 3179 nostra
1630 3113 1805 3199 potestate
1827 3113 1941 3180 omnis
1975 3113 2051 3180 alia
2086 3117 2190 3182 rebus
2224 3116 2391 3182 stavilem

533 3264 631 3351 quod
655 3265 801 3332 abemus
824 3283 889 3350 per
912 3265 988 3330 tota
1011 3263 1233 3350 pertinentia
1256 3266 1292 3330 61
1315 3282 1379 3350 per
1403 3263 1585 3330 vocabulis
1609 3265 1652 3330 de
1676 3265 1850 3341 nuceria,
1887 3264 1925 3330 in
1949 3265 2128 3334 montibus
2163 3284 2269 3351 quam
2292 3268 2329 3332 et
2352 3262 2388 3332 111

533 3417 666 3504 planis
692 3437 761 3504 que
783 3422 868 3486 sunt
891 3414 997 3485 terris
1021 3437 1102 3485 curn
1126 3417 1283 3484 arbustis
1306 3420 1343 3484 et
1365 3419 1577 3496 castanieta,
1603 3417 1738 3503 campis
1761 3421 1798 3486 et
1820 3417 1933 3496 siluis,
1959 3420 2095 3486 cultum
2119 3419 2176 3485 vel
2200 3420 2389 3494 incultum,

534 3590 599 3639 seu
623 3577 660 3638 et
683 3573 774 3639 casis
798 3571 841 3638 de
865 3572 963 3638 intus
987 3571 1137 3638 castello
1161 3569 1308 3637 nucerie
1332 3571 1487 3637 etseras
1511 3573 1608 3638 ostra
1631 3570 1715 3637 illut
1738 3571 1832 3658 quod
1854 3571 2019 3658 superius
2053 3572 2211 3658 ipsorum
2236 3572 2389 3639 mirandi

531 3729 572 3794 ct
595 3727 676 3794 sika
700 3725 926 3802 remisimus,
957 3725 1160 3793 faciendum
1184 3723 1266 3792 inde
1290 3743 1354 3790 nos
1378 3725 1439 3809 qui
1462 3743 1572 3812 supra
1594 3727 1760 3811 germani
1783 3731 1820 3793 et
1843 3730 1986 3814 nepotes
2010 3729 2047 3794 et
2070 3727 2200 3794 nostris
2223 3727 2391 3794 eredibus

529 3880 651 3948 6111111(
674 3878 767 3966 quod
791 3879 1020 3954 voluerimus,
1048 3897 1181 3970 apsque
1204 3877 1302 3945 omni
1316 3881 1573 3947 contrarietate
1596 3881 1753 3967 ipsorum
1770 3881 1927 3948 mirandi
1952 3885 1987 3948 et
2009 3881 2101 3958 sika,
2120 3886 2156 3948 et
2180 3883 2222 3949 de
2246 3882 2389 3950 illorum

533 4033 730 4110 eredibus,
764 4053 826 4101 seu
851 4037 887 4100 61
910 4034 956 4100 (1(
980 4051 1203 4120 quacumque
1226 4051 1304 4099 omo
1329 4052 1393 4119 pro
1417 4034 1563 4100 illorum
1587 4037 1763 4121 partibus
1791 4035 1889 4102 Unde
1913 4033 1951 4101 in
1974 4035 2189 4110 eohordine
2213 4055 2276 4122 per
2300 4055 2390 4106 vona

533 4189 797 4260 combenientia
820 4189 954 4276 guadio
978 4189 1079 4257 nobis
1103 4185 1169 4275 ipsi
1193 4189 1350 4257 mirandi
1374 4193 1410 4256 et
1433 4190 1511 4256 1111(
1534 4193 1651 4257 mater
1674 4194 1711 4257 61
1729 4188 1827 4264 filius
1850 4190 2039 4257 dederunt:
2057 4193 2176 4258 tamen
2202 4191 2282 4276 ipsa
2305 4191 2386 4258 sika

535 4365 600 4433 per
623 4347 808 4412 voluntate
832 4343 943 4432 ipsius
966 4342 1124 4410 mirandi
1146 4342 1211 4408 lilii
1236 4346 1272 4409 et
1294 4345 1480 4412 mundoalt
1503 4363 1618 4421 suum,
1634 4349 1670 4422 et
1685 4345 1917 4412 mediatorem
1942 4344 2041 4411 nobis
2059 4349 2252 4430 posuerunt
2268 4343 2390 4412 iohan-

537 4517 601 4567 nes
624 4500 719 4565 filius
742 4497 836 4565 idern
860 4497 1038 4565 benedicti
1062 4497 1240 4574 monachi,
1267 4500 1303 4564 61
1325 4518 1390 4584 per
1413 4499 1491 4584 ipsa
1514 4498 1648 4584 guadia
1670 4498 1842 4583 obligavit
1865 4516 1901 4563 se
1925 4501 1961 4564 et
1984 4496 2057 4563 suis
2081 4499 2265 4574 eredibus,
2294 4501 2332 4564 ut
2358 4497 2388 4563 si

530 4655 578 4721 de
601 4653 721 4721 omnia
744 4653 952 4739 quommodo
976 4653 1013 4718 ct
1037 4651 1193 4738 qualiter
1215 4651 1376 4738 superius
1400 4653 1535 4736 legitur
1560 4650 1690 4737 aliquit
1714 4669 1894 4717 removere
1929 4653 1992 4718 aut
2025 4653 2271 4718 contradicere
2309 4671 2387 4740 pre-

532 4807 703 4874 sumserit
727 4806 1050 4892 quomodocumque
1074 4823 1138 4890 per
1154 4805 1410 4892 qualecumque
1434 4805 1585 4880 ratione,
1605 4807 1668 4870 aut
1683 4823 1747 4890 per
1770 4804 1895 4891 quavis
1913 4804 2122 4872 rationibus.
2150 4806 2228 4871 Ideo
2254 4825 2319 4892 per
2334 4825 2389 4872 su-

533 4962 701 5045 pradicta
726 4961 861 5046 guadia
884 4978 948 5045 per
971 4979 1063 5026 vona
1087 4957 1350 5026 combenientia
1365 4959 1604 5044 obligavimus
1627 4977 1663 5024 se
1689 4958 1757 5044 ipsi
1775 4957 1930 5026 mirandi
1953 4967 1990 5024 61
2012 4959 2087 5025 sica
2103 4963 2139 5024 et
2155 4959 2298 5026 illorum
2314 4978 2388 5026 616-

533 5115 639 5184 dibus
665 5117 787 5182 tamen
810 5114 888 5200 ipsa
911 5115 991 5181 siba
1014 5133 1078 5200 per
1103 5114 1288 5180 voluntate
1312 5112 1422 5200 ipsius
1445 5111 1512 5178 fllii
1536 5117 1572 5178 et
1588 5111 1772 5178 mundoalt
1794 5131 1897 5179 suum
1922 5113 1967 5179 ad
1984 5113 2263 5200 componendum
2288 5115 2386 5182 nobis

538 5271 599 5358 qui
622 5289 732 5356 supra
754 5269 919 5354 germani
942 5271 979 5336 et
1002 5271 1148 5356 nepotes
1171 5275 1207 5336 et
1231 5270 1275 5337 ad
1301 5269 1430 5336 nostris
1454 5269 1644 5342 eredibus,
1685 5286 1746 5334 seu
1772 5269 1829 5335 cui
1853 5271 1955 5336 carta
1979 5241 2049 5336 ista
2073 5290 2136 5356 pro
2161 5271 2237 5338 vice
2263 5275 2384 5338 nostra

534 5425 574 5491 in
598 5443 708 5492 manu
732 5423 907 5510 paruerit,
921 5419 1112 5510 sexaginta
1136 5423 1238 5491 aurei
1260 5423 1388 5492 solidos
1412 5399 1728 5500 constantinianos‚
1747 5426 1783 5489 et
1806 5424 1843 5490 in
1867 5424 2111 5510 suprascripta
2127 5425 2387 5493 combenientia

533 5579 633 5647 omni
657 5581 815 5667 tempore
838 5579 991 5646 tirmiter
1014 5597 1238 5674 permanere.
1266 5581 1313 5645 Ec
1336 5579 1457 5646 omnia
1479 5565 1724 5664 suprascripta
1747 5595 1784 5643 se
1808 5580 1844 5644 et
1868 5577 1945 5664 ipsa
1960 5577 2041 5646 sika
2064 5596 2128 5664 per
2145 5580 2328 5646 voluntate
2343 5579 2387 5646 de
