5454 7104
626 487 694 558 llo
1239 477 1415 552 ccclx
1444 476 1718 552 CAVENSIS

575 697 629 756 re,
655 677 796 764 reliqua
821 674 1012 744 medietate
1036 673 1119 742 inde
1141 673 1210 743 sibi
1232 677 1377 742 abeant.
1404 677 1448 742 Et
1470 673 1596 742 amodo
1619 677 1661 741 et
1678 691 1817 761 semper
1840 691 1905 760 per
1927 677 2086 761 tempore
2126 671 2169 741 de
2194 671 2369 742 bindemie
2391 673 2429 737 et

572 850 639 918 per
662 831 740 897 aire
763 829 839 917 ipse
862 829 957 898 mari
981 831 1018 896 et
1039 846 1120 898 suos
1143 827 1263 896 eredes
1286 825 1421 898 faciant
1443 829 1536 896 scire
1559 845 1615 895 me
1639 829 1696 894 vel
1719 845 1810 914 pars,
1826 825 1985 913 predicte
2007 827 2158 896 ecclesie
2179 824 2295 894 sancti
2318 824 2432 892 maxi-

572 983 649 1061 mi,
678 987 718 1051 ut
739 984 788 1052 ibi
809 984 1009 1070 dirigamus
1032 984 1096 1050 eut
1121 1001 1314 1070 pergamus
1337 982 1484 1050 missum
1508 984 1684 1050 nostrum.
1724 984 1769 1048 ltt
1792 983 1866 1069 ipse
1890 983 1982 1050 mari
2006 983 2042 1048 et
2064 999 2145 1049 suos
2179 980 2301 1047 eredes
2324 981 2430 1048 arbu-

566 1143 664 1208 stum
690 1143 805 1228 ipsum
826 1157 890 1208 suo
915 1141 1073 1225 tempore
1097 1135 1317 1206 vindemiare
1341 1142 1378 1207 et
1400 1156 1503 1224 poma
1526 1191 1532 1214 ,
1559 1138 1700 1225 quando
1725 1135 1909 1210 meruerit,
1935 1134 2017 1204 inde
2040 1134 2233 1220 colligere,
2258 1137 2295 1200 et
2317 1132 2430 1200 omnis

575 1297 697 1362 binum
722 1293 854 1361 exinde
877 1293 999 1381 ibique
1022 1292 1068 1360 ad
1091 1292 1325 1378 palmontum‚
1351 1294 1387 1358 et
1412 1291 1498 1379 ipsa
1522 1311 1649 1378 poma,
1675 1291 1816 1379 quando
1841 1288 2040 1364 meruerit,
2066 1286 2246 1356 nobiscum
2269 1287 2326 1353 vel
2348 1306 2427 1354 cum

568 1441 713 1516 missum
738 1447 781 1515 de
799 1447 960 1534 partibus
984 1447 1095 1533 ipsius
1110 1445 1259 1515 ecclesie
1282 1446 1442 1514 dibidere
1462 1465 1527 1532 per
1545 1445 1784 1520 medietatem,
1803 1462 1865 1510 nos
1889 1441 2091 1520 medietate,
2103 1445 2139 1508 et
2162 1441 2236 1527 ipse
2252 1439 2342 1507 mari
2358 1460 2429 1506 me-

568 1602 725 1678 dietate;
750 1601 829 1688 ipsa
853 1604 974 1670 nostra
997 1605 1100 1688 parte
1123 1601 1167 1668 de
1190 1600 1266 1688 ipso
1292 1600 1415 1669 binum
1441 1603 1616 1686 reponant
1641 1599 1678 1664 in
1702 1598 1825 1664 domus
1848 1614 1913 1663 sua
1938 1597 2059 1682 ibique
2084 1595 2122 1661 in
2145 1612 2342 1680 organeum
2368 1613 2411 1660 no

565 1759 682 1823 strum
707 1758 754 1824 da
778 1757 1006 1842 binum‚.que
1030 1756 1079 1824 ibi
1105 1757 1218 1824 eidem
1243 1756 1565 1842 asingnaberimus,
1592 1772 1655 1840 per
1679 1751 1781 1818 illum
1805 1753 1842 1818 et
1865 1769 1929 1836 per
1951 1753 2029 1816 eius
2052 1749 2175 1816 credes
2197 1748 2275 1814 siad
2299 1750 2426 1814 bonum

566 1912 789 1987 comiatum,
815 1910 906 1978 sicut
931 1869 1114 1986 meruerit,
1143 1911 1280 1996 etipsa
1304 1915 1427 1976 nostra
1450 1907 1605 1974 sortione
1629 1907 1672 1974 de
1697 1909 1774 1992 ipso
1799 1904 1921 1971 binum
1945 1901 1994 1970 ibi
2019 1904 2194 1978 mictere,
2219 1904 2256 1968 et
2278 1921 2342 1988 per
2365 1921 2429 1968 an·

569 2085 654 2134 num
677 2067 814 2134 salbum
839 2066 923 2132 illut
946 2064 1046 2132 nobis
1071 2063 1218 2140 faciant,
1245 2064 1328 2130 dum
1353 2063 1437 2129 illut
1459 2062 1541 2128 iude
1566 2061 1692 2128 tollere
1710 2059 1910 2134 fecerimus,
1936 2076 2069 2144 apsque
2093 2055 2369 2142 degeneratione
2392 2059 2427 2122 et

568 2217 689 2302 ingne.
732 2219 777 2284 Et
800 2217 940 2304 quando
965 2217 1040 2303 ipso
1068 2215 1191 2284 binum
1216 2211 1264 2282 ibi
1288 2233 1419 2302 ponere
1443 2234 1515 2282 nou
1539 2213 1781 2288 boluerimus‚
1814 2213 1954 2299 portent
1976 2211 2061 2278 illut
2098 2209 2198 2278 nobis
2221 2211 2359 2278 salbum
2382 2209 2427 2277 ad

567 2369 757 2437 cellarium
781 2373 939 2438 nostrum
965 2369 1077 2454 ipsius
1102 2367 1253 2436 ecclesie
1277 2369 1391 2436 sancti
1419 2368 1586 2446 maximi,
1615 2387 1683 2456 que
1707 2369 1790 2434 abet
1812 2366 1850 2433 in
1873 2364 1948 2451 ipso
1971 2366 2087 2432 locum
2112 2365 2279 2442 notorie,
2305 2367 2341 2432 et
2363 2384 2427 2452 per

471 2569 481 2594 a
567 2541 703 2591 annum
727 2523 898 2592 adiubare
922 2523 1067 2608 adipso
1091 2522 1285 2590 cellarium
1309 2523 1406 2590 bucti
1430 2523 1505 2608 ipse
1528 2525 1574 2591 ad
1598 2521 1829 2590 conciandum
1854 2519 1929 2607 ipse
1954 2519 2046 2587 mari
2069 2522 2106 2586 et
2120 2537 2200 2586 suos
2222 2517 2357 2588 eredes.
2384 2519 2427 2586 Et

567 2677 612 2744 de
636 2694 704 2764 que
728 2677 852 2744 amodo
875 2680 912 2744 et
936 2695 1077 2763 semper
1102 2695 1167 2764 per
1191 2694 1325 2744 annum
1348 2675 1399 2742 ibi
1423 2673 1685 2750 seminaberit,
1722 2673 1842 2760 ibique
1870 2671 1915 2740 ad
1939 2690 2026 2740 area
2049 2671 2259 2740 terraticum
2283 2671 2322 2738 in
2344 2688 2428 2757 pars

573 2829 684 2916 ipsius
708 2831 855 2898 ecclesie
879 2831 1002 2910 deaut,
1029 2831 1123 2898 sicut
1146 2833 1200 2898 est
1223 2831 1451 2898 consuetudo.
1466 2829 1611 2896 missum
1637 2833 1795 2896 nostrum
1820 2833 1879 2896 vel
1901 2829 1944 2896 de
1968 2831 2070 2914 parte
2094 2825 2251 2913 predicte
2266 2825 2425 2904 ecclesie,

566 2987 741 3072 dumprc
764 2935 839 3072 ipsa
863 2984 981 3052 trudia
1006 2981 1250 3070 recipiendum
1274 2984 1324 3052 ibi
1346 2983 1498 3060 steterit,
1524 2983 1596 3051 illis
1620 2987 1739 3050 autern
1763 2981 1850 3048 illut
1874 2981 2056 3058 nutrient,
2082 2981 2174 3049 sicut
2197 2983 2369 3048 meruerit
2392 2985 2428 3048 et

566 3156 670 3205 suam
696 3137 805 3204 fuerit
828 3135 1114 3223 possibilitatem.
1142 3137 1186 3202 Et
1200 3153 1273 3240 per
1295 3135 1410 3204 omnis
1427 3155 1561 3202 anirum
1586 3135 1694 3204 deant
1717 3135 1816 3203 nobis
1831 3135 2092 3222 palmentateca
2108 3135 2196 3202 mibi
2213 3135 2269 3200 vel
2292 3135 2329 3201 in
2346 3153 2429 3221 pars
2493 3233 2497 3241 .

568 3290 680 3376 ipsius
704 3291 853 3358 ecclesie
877 3289 986 3356 deant
1012 3307 1122 3355 unum
1146 3285 1286 3374 parium
1309 3289 1353 3356 de
1377 3288 1466 3375 pulli
1490 3289 1585 3358 boni.
1626 3291 1671 3356 Et
1693 3308 1755 3377 per
1792 3307 1926 3356 annum
1952 3307 2172 3376 quecumque
2195 3288 2245 3356 ibi
2268 3291 2432 3374 portate«

570 3447 682 3514 rimus
707 3465 771 3533 per
794 3443 972 3515 bindemie
995 3447 1031 3510 et
1055 3461 1117 3529 per
1142 3442 1231 3520 aire,
1257 3442 1333 3530 ipse
1357 3447 1448 3510 mari
1473 3447 1509 3510 ct
1532 3461 1613 3510 suos
1636 3441 1759 3510 eredes
1782 3441 1885 3510 illum
1912 3441 2073 3508 nutrient
2109 3441 2154 3508 ad
2178 3441 2282 3527 palea
2315 3441 2351 3506 et
2372 3458 2429 3507 or-

569 3597 689 3666 deum.
731 3601 776 3666 Et
798 3618 862 3686 per
886 3617 1018 3666 annum
1043 3616 1110 3684 ego
1135 3597 1190 3664 vel
1215 3559 1352 3683 partem
1376 3595 1486 3681 ipsius
1510 3597 1659 3664 ecclesie
1683 3599 1899 3682 potestatem
1923 3597 2092 3663 abeamus
2123 3596 2201 3682 ipsa
2224 3597 2328 3662 rebus
2349 3615 2429 3681 per-

569 3753 714 3838 quirere
737 3772 801 3839 pro
824 3753 902 3839 ipsa
927 3754 1031 3818 rebus
1054 3750 1305 3826 laborandum,
1323 3753 1360 3818 et
1383 3749 1414 3816 si
1440 3769 1509 3816 non
1533 3749 1642 3816 fuerit
1665 3752 1880 3828 laboratum,
1899 3749 1993 3817 sicut
2015 3749 2263 3836 supradictum
2286 3752 2352 3828 est,
2370 3767 2429 3834 po-

569 3907 739 3972 testatem
762 3908 931 3972 abeamus
954 3904 1036 3971 inde
1062 3903 1292 3990 pingnerare.
1320 3905 1364 3970 Et
1387 3903 1489 3989 quale
1512 3906 1670 3989 tempore
1694 3905 1767 3990 ipse
1790 3904 1883 3972 mari
1911 3907 1948 3972 et
1972 3923 2052 3972 suos
2076 3903 2199 3972 eredes
2223 3906 2327 3972 rebus
2350 3903 2426 3990 ipsa

571 4059 695 4134 tenere
718 4059 754 4124 et
776 4057 942 4124 laborare
966 4055 1149 4132 noluerit,
1176 4058 1239 4122 aut
1262 4075 1330 4124 non
1354 4056 1514 4142 potuerit
1537 4057 1573 4126 in
1598 4055 1801 4143 supradicto
1824 4057 1947 4124 ordine
1971 4105 1979 4134 ‚
2020 4057 2164 4144 integra
2186 4057 2426 4144 suprascripta

570 4209 784 4277 tradictione
809 4212 994 4277 arbustum
1019 4209 1134 4295 ipsum
1158 4211 1194 4274 et
1217 4209 1291 4294 ipso
1315 4211 1573 4279 abellanietum
1596 4216 1764 4291 sartum,
1801 4215 1837 4278 et
1862 4215 2076 4298 operatum,
2110 4215 2146 4279 et
2168 4215 2339 4280 cultatum
2358 4219 2436 4290 ‚et'

569 4382 635 4450 per
657 4362 843 4430 circoitum
867 4359 1002 4430 clusum
1028 4366 1066 4429 et
1089 4365 1228 4432 salbum
1253 4383 1332 4432 oum
1358 4385 1468 4432 unum
1494 4365 1671 4452 applitum
1709 4366 1753 4434 de
1776 4383 1860 4434 casa
1882 4369 1983 4434 clusa
2022 4369 2059 4434 et
2087 4371 2258 4453 coperta‚
2294 4365 2428 4452 etipse

571 4517 681 4593 boeti,
707 4535 775 4604 que
798 4517 848 4585 ibi
864 4517 916 4584 eis
934 4516 1276 4604 assingnaberimus,
1303 4519 1496 4586 remistant
1512 4519 1557 4586 ad
1574 4523 1675 4605 parte
1691 4519 1849 4606 predicte
1873 4521 2033 4587 ecclesio.
2058 4521 2102 4586 Et
2116 4520 2167 4588 sic
2183 4519 2297 4588 licead
2313 4519 2425 4606 ipsum

573 4670 664 4738 mari
689 4672 725 4736 et
748 4668 824 4736 eius
846 4670 969 4738 eredes
994 4670 1077 4738 inde
1100 4671 1201 4738 exire
1225 4691 1306 4738 cum
1328 4672 1452 4740 omnia
1475 4689 1541 4740 sua
1565 4691 1674 4742 causa
1698 4674 1855 4756 mobilia.
1896 4675 1943 4740 De
1967 4693 2038 4760 qua
2072 4692 2136 4760 per
2170 4673 2428 4742 combenieutia

570 4821 706 4910 guadio
730 4821 818 4890 mibi
841 4821 1009 4892 iamdicto
1034 4823 1127 4911 petri
1153 4823 1342 4910 presbiteri
1377 4824 1458 4892 filio
1486 4825 1634 4924 iobanni
1669 4826 1743 4914 ipse
1766 4830 1858 4896 mari
1883 4827 1990 4906 dedi,
2028 4831 2064 4894 et
2086 4827 2316 4896 mediatorem
2339 4826 2426 4894 mibi

572 4981 689 5062 posuit
711 4996 749 5045 se
772 4977 901 5064 ipsum;
926 4983 962 5045 et
978 4997 1041 5066 per
1064 4979 1143 5066 ipsa
1158 4979 1291 5066 guadia
1314 4983 1377 5048 etc.
1398 4945 1549 5050 &atrita
1565 4983 1700 5050 rcubta
1717 4985 1875 5068 triptota
1886 4985 1979 5051 'auri
1993 4985 2192 5052 solidorum
2212 4985 2429 5052 constuctio-

572 5150 717 5198 corum.
742 5133 839 5210 Quod
862 5132 989 5218 scripsi
1012 5152 1078 5220 ego
1101 5132 1265 5202 alderissi
1289 5136 1459 5202 notarius.

619 5283 646 5374 †
671 5287 745 5370 Ego
769 5286 970 5356 romoaldus
993 5288 1155 5356 notarius
1181 5307 1234 5355 me
1257 5289 1463 5376 subscripsi.

619 5437 646 5523 †
671 5443 747 5524 Ego
770 5443 893 5527 petrus
917 5443 1079 5512 notarius
1102 5461 1158 5512 me
1181 5444 1385 5532 subscripsi.
