5398 7106
623 505 689 578 190
1280 508 1450 580 tooux
1484 510 1748 580 unvunsls

520 681 524 688 ¹
571 700 698 767 ruerit.
726 701 824 768 Unde
848 703 887 769 in
910 721 951 769 eo
976 705 1092 770 tinore
1116 723 1180 790 per
1203 704 1488 772 convenientiam
1512 679 1646 793 guadia
1668 705 1758 773 mihi
1780 705 1889 784 dedit,
1907 709 1944 773 et
1966 707 2042 792 ipse
2065 706 2212 774 ioannes
2235 706 2424 792 gagliardu

568 871 632 939 pro
657 857 733 921 vice
756 855 800 921 de
825 855 938 942 ipsum
963 859 1074 926 fllium
1099 879 1202 928 suum
1226 863 1263 928 et
1285 881 1352 948 ogo
1376 863 1454 948 ipsa
1477 860 1612 948 guadia
1634 861 1772 948 suscepi
1797 881 1861 948 pro
1885 864 1989 948 parte
2005 862 2048 929 de
2065 861 2143 948 ipsa
2167 861 2312 929 domina
2328 881 2425 938 mea,

569 1009 605 1074 et
627 1009 670 1075 de
695 1010 761 1095 ipsi
784 1011 850 1078 dlii
874 1012 963 1090 eius,
981 1015 1019 1079 et
1040 1014 1247 1082 fideiussore
1271 1015 1360 1082 mihi
1384 1017 1485 1102 posui
1510 1035 1574 1102 pro
1597 1035 1719 1084 eorum
1743 1019 1847 1103 parte
1870 1019 1992 1102 petrus
2015 1035 2227 1103 germanum
2251 1035 2369 1094 suum;
2388 1021 2428 1085 et

567 1181 632 1248 per
656 1163 769 1250 ipsam
793 1164 963 1250 guadiam
987 1166 1163 1252 obligavit
1185 1166 1299 1254 seipse
1323 1169 1496 1237 iohannes
1519 1170 1703 1256 gagliardi
1726 1174 1763 1237 et
1785 1171 1901 1256 ipsum
1925 1172 2098 1238 iohannes
2120 1172 2233 1240 filium
2256 1190 2360 1238 suurn
2391 1174 2428 1237 et

568 1319 645 1384 eius
668 1319 828 1397 heredes,
856 1323 896 1387 ut
918 1323 948 1387 si
972 1321 1093 1389 omnia
1117 1323 1364 1410 suprascripta
1387 1343 1458 1392 non
1483 1325 1781 1412 adimpleverint,
1806 1325 1851 1393 ad
1875 1327 1943 1412 ipsi
1965 1327 2097 1394 seniori
2122 1285 2253 1393 meiat
2275 1325 2321 1393 ad
2345 1324 2427 1392 illo-

569 1491 650 1540 rum
673 1475 823 1551 eredes,
849 1478 885 1542 et
908 1474 1038 1561 aliquit
1060 1477 1104 1543 de
1127 1477 1382 1563 suprascriptis
1406 1478 1719 1555 contradixerint,
1760 1496 1824 1564 per
1848 1479 1961 1564 ipsam
1984 1479 2155 1565 guadiam
2189 1479 2367 1564 obligavit
2389 1500 2427 1546 se

569 1625 644 1714 ipse
668 1628 839 1696 iohannes
863 1632 899 1696 et
920 1649 1000 1698 suos
1024 1632 1146 1699 eredes
1170 1651 1380 1718 componere
1414 1632 1459 1699 ad
1483 1636 1622 1718 partem
1647 1633 1690 1699 de
1713 1631 1782 1718 ipsi
1805 1632 1936 1700 seniori
1959 1632 2029 1700 mei
2052 1635 2089 1700 et
2112 1633 2155 1700 de
2179 1633 2322 1700 illorum
2348 1652 2425 1700 ere-

570 1782 632 1850 des
655 1783 915 1870 quinquaginta
941 1787 1021 1852 auri
1045 1786 1174 1854 solidos
1197 1786 1518 1863 constantinianos,
1545 1790 1582 1853 et
1604 1786 1847 1873 suprascripta
1870 1787 2081 1872 adimplere.
2108 1789 2145 1854 et
2167 1807 2207 1854 eo
2230 1787 2352 1855 omnia
2367 1807 2425 1855 su-

570 1938 772 2022 prascripta
795 1938 863 2004 leci
887 1945 952 2024 e'go
977 1943 1037 2027 qui
1062 1960 1171 2027 supra
1195 1943 1370 2009 iohannes
1393 1941 1547 2008 clericus
1571 1940 1609 2008 in
1633 1941 1816 2027 presentia
1839 1942 1951 2028 ipsius
1975 1941 2117 2012 domine
2141 1961 2247 2019 mee,
2287 1944 2429 2009 etcum

568 2087 645 2155 eius
667 2089 825 2158 licentia.
852 2095 944 2180 quod
967 2095 1095 2182 scripsi
1119 2115 1186 2182 ego
1211 2097 1387 2164 iohannes
1413 2096 1544 2164 scriba.

614 2245 641 2337 †
665 2249 739 2332 Ego
762 2246 926 2314 alderissi
951 2247 1112 2314 notarius
1137 2267 1192 2336 me
1216 2248 1423 2316 subscribsi.

614 2399 641 2488 †
665 2402 739 2484 Ego
763 2396 932 2467 lohannes
955 2399 1117 2467 notarius
1141 2419 1196 2467 me
1220 2401 1430 2469 subscribsi.

1321 2815 1657 2898 MCLXXIII

1343 3064 1402 3138 A.
1429 3062 1487 3136 D.
1516 3061 1639 3138 1052

611 3291 701 3382 †ln
725 3294 867 3361 ndmine
890 3293 1024 3361 domini
1050 3295 1232 3362 undecimo
1256 3314 1350 3362 anno
1375 3295 1599 3382 principatus
1622 3296 1741 3362 domni
1766 3296 1880 3363 nostri
1917 3295 2037 3381 gisulfi
2059 3295 2209 3381 gloriosi
2233 3293 2422 3383 principis,

569 3467 688 3517 mense
711 3449 909 3528 december,
934 3453 1038 3518 sexta
1062 3451 1271 3520 indictione.
1299 3455 1372 3538 Ego
1397 3452 1527 3518 mulier
1551 3451 1694 3519 nomine
1717 3451 1814 3537 gaita
1839 3450 1914 3518 fllia
1938 3450 2116 3538 quondam
2140 3449 2246 3537 petri,
2265 3453 2302 3517 et
2327 3470 2420 3518 uxor

564 3605 632 3672 suit
655 3604 833 3690 quondam
860 3605 976 3672 amori
1001 3604 1069 3672 lilii
1094 3605 1270 3693 quondam
1293 3604 1439 3693 gaidoni
1463 3603 1634 3672 abitatori
1658 3605 1842 3672 dalocum
1875 3565 2047 3680 dudanu,
2087 3605 2231 3671 declaro
2255 3607 2424 3692 quoniam

567 3779 631 3847 per
653 3761 794 3827 firmum
817 3760 991 3846 scriptum
1015 3757 1273 3845 morgincaph,
1300 3759 1394 3846 quod
1419 3758 1507 3825 mihi
1531 3759 1699 3826 emissum
1723 3758 1792 3826 luit
1815 3761 1860 3826 ab
1884 3759 1959 3844 ipso
1984 3759 2060 3856 viro
2086 3777 2184 3825 meus
2208 3758 2246 3826 in
2270 3759 2329 3826 die
2353 3779 2420 3826 no-

565 3916 639 4002 stre
662 3913 900 4003 copulationis
924 3915 1084 4002 pertinet
1107 3913 1194 3980 mibi
1220 3916 1324 3980 rebus
1350 3914 1387 3980 in
1404 3914 1526 3980 eodem
1551 3915 1628 3980 loco
1652 3913 1807 3981 dudano.
1833 3917 1869 3979 et
1885 3933 2084 3998 congruum
2101 3917 2155 3981 est
2174 3915 2263 3982 mihi
2287 3914 2330 3980 de
2347 3915 2428 4000 ipsa

569 4071 674 4136 rebus
697 4069 831 4137 donare
856 4068 1029 4137 romoaldi
1053 4033 1125 4135 lilio
1150 4068 1326 4156 quondam
1352 4067 1499 4134 iohanni
1525 4087 1597 4134 una
1620 4067 1759 4155 peciola
1781 4067 1825 4134 de
1849 4070 1949 4134 terra
1972 4085 2087 4134 vacua
2124 4068 2161 4135 in
2185 4071 2306 4137 eodem
2347 4071 2426 4136 loco

567 4226 628 4292 ubi
651 4224 840 4312 zappazulo
863 4223 1009 4299 dicitur,
1034 4241 1103 4310 que
1125 4226 1180 4290 est
1203 4242 1268 4310 per
1292 4222 1555 4309 longitudinem
1577 4220 1621 4287 de
1645 4223 1815 4288 ambobus
1839 4221 1957 4288 latera
1980 4240 2052 4289 ana
2067 4221 2161 4309 passi
2176 4222 2307 4309 viginti
2331 4225 2422 4300 tres,

566 4379 603 4444 et
625 4377 669 4444 de
692 4376 885 4444 latitudine
911 4395 979 4443 ana
1001 4375 1097 4462 passi
1120 4375 1241 4442 decem
1266 4375 1303 4440 et
1326 4375 1404 4440 octo
1429 4373 1522 4441 iusto
1545 4391 1652 4459 passu
1675 4373 1812 4440 homini
1836 4330 2093 4441 mensuratum.
2128 4375 2301 4453 ntideo,
2326 4377 2428 4444 sicut

570 4531 658 4598 mihi
681 4549 880 4618 congruum
904 4534 958 4598 est
981 4533 1071 4598 bona
1093 4550 1173 4599 mea
1197 4532 1393 4606 boluntate‚
1422 4549 1485 4617 per
1509 4549 1577 4596 ano
1601 4527 1779 4595 cartulam
1803 4531 1887 4595 ante
1910 4531 2093 4616 presentia
2117 4530 2229 4598 amati
2248 4529 2371 4608 iudici,
2391 4537 2429 4598 et

568 4704 633 4772 per
656 4688 840 4754 voluntate
863 4686 1010 4774 gaidoni
1033 4685 1105 4754 tilio
1131 4705 1206 4752 meo
1229 4705 1310 4752 curn
1337 4687 1551 4774 quaomnia
1576 4705 1644 4772 que
1668 4685 1706 4754 in
1722 4704 1790 4753 anc
1815 4687 1993 4755 cartulam
2016 4685 2150 4771 scripta
2165 4688 2202 4750 et
2217 4683 2424 4769 subscripta

569 4845 654 4908 sunt
676 4841 767 4920 leci,
808 4841 897 4909 dono
919 4841 985 4908 tibi
1008 4839 1166 4928 predicto
1190 4838 1365 4907 romoaldi
1389 4839 1534 4926 integra
1556 4841 1635 4927 ipsa
1657 4839 1795 4928 peciola
1818 4839 1862 4908 de
1885 4843 1985 4906 terra
2022 4856 2086 4924 per
2110 4836 2299 4905 iamdictas
2324 4854 2425 4903 men·

569 5017 698 5066 suras:
734 5001 771 5066 et
793 4999 840 5067 da
862 5000 965 5086 parte
987 4949 1180 5064 occidentis
1204 4996 1397 5064 coniuncta
1420 4998 1475 5062 est
1498 4996 1543 5062 ad
1569 4996 1628 5063 via
1651 4994 1796 5082 puplica
1818 5013 1899 5062 cum
1922 4991 2044 5060 omnia
2067 4992 2163 5059 intro
2189 5011 2268 5059 eam
2292 4994 2427 5060 haben-

570 5154 668 5223 tibus
690 5154 926 5241 omnibusque
949 5153 1023 5220 suis
1046 5151 1286 5240 pertinentiis,
1312 5154 1349 5218 et
1372 5170 1452 5218 cum
1466 5150 1554 5218 ·vice
1577 5150 1619 5216 de
1643 5149 1721 5237 ipsa
1744 5148 1802 5216 via
1827 5151 1865 5214 tu
1891 5145 2049 5233 predicto
2088 5145 2270 5215 romoaldo
2293 5151 2332 5214 et
2356 5149 2428 5215 tuis

572 5308 761 5376 heredibus
783 5308 1033 5395 suprascripta
1057 5327 1135 5374 mea
1158 5307 1349 5376 donatione
1373 5305 1577 5374 habendum
1601 5308 1638 5371 et
1661 5304 1863 5372 faciendum
1887 5303 1969 5370 inde
1992 5305 2113 5371 omnia
2158 5304 2251 5391 quod
2275 5304 2428 5371 volueri-

572 5465 693 5542 tis3-et
716 5483 779 5551 pro
803 5466 869 5531 hoc
891 5462 1022 5530 donum
1048 5463 1261 5570 firmandum
1286 5461 1382 5528 iusta
1405 5464 1543 5546 legem,
1569 5459 1748 5545 launegilt
1770 5476 1793 5524 a
1816 5460 1851 5524 te
1876 5453 2054 5524 nominato
2079 5457 2264 5524 romoaldo
2287 5457 2426 5543 suscepi

571 5619 653 5687 aur*¹
677 5619 747 5686 tari
772 5618 853 5686 boni
877 5618 1091 5704 quindecim,
1106 5618 1198 5684 sicut
1221 5617 1317 5684 inter
1341 5616 1443 5684 nobis
1466 5617 1644 5685 conbenit.
1671 5617 1715 5682 ut
1729 5615 1863 5702 guadia
1887 5613 1952 5682 tibi
1968 5611 2101 5680 eudicti
2127 5611 2308 5680 romualdi
2326 5610 2421 5687 dedi,

569 5775 607 5840 et
629 5771 868 5844 fideiussorem
887 5770 950 5838 tibi
975 5771 1074 5856 posui
1089 5771 1247 5838 remediu
1270 5770 1314 5836 de
1329 5771 1450 5838 eodem
1467 5770 1545 5838 loco
1560 5766 1630 5838 lilio
1647 5771 1824 5858 quondam
1842 5770 1927 5837 ursi:
1954 5773 1998 5836 ut
2021 5789 2085 5856 per
2101 5769 2179 5855 ipsa
2194 5769 2289 5856 guad
2299 5767 2338 5835 ia
2354 5771 2426 5834 otc:
