5372 7106
981 453 1064 535 DE
1105 448 1480 541 LAPIDIBUS
2086 475 2112 555 3

294 646 411 716 verbis
434 645 527 719 dices
548 651 586 719 et
608 649 729 740 decoq3
755 652 836 741 (sic)
861 652 900 722 in
923 655 1001 725 oleo
1024 653 1204 726 ferventi!
1245 644 1360 732 'veria
1385 662 1518 744 dicens,
1537 665 1711 758 decoquas
1734 669 1772 738 in
1795 673 1872 741 oleo
1888 671 2066 742 ferventi.
2088 725 2095 742 .
2117 727 2125 744 .
2151 719 2160 734 ·

294 793 394 860 fialas
418 795 502 862 tres.
528 791 713 864 deservcat
734 795 846 865 donec
870 851 878 866 .
901 849 909 867 .
929 849 967 875 .,
990 802 1206 889 percolabis.
1254 839 1348 877 ..·..
1372 810 1439 889 Qui
1462 811 1636 884 comitiali
1660 817 1768 886 verbo
1794 821 1949 888 vexatur
1975 857 2020 888 >.-.
2049 871 2057 888 .
2088 871 2096 888 .
2125 824 2166 889 ei

295 935 341 1000 Ei
361 935 391 1000 si
414 935 494 1022 quis
524 934 652 1023 capitis
684 937 741 1007 vel
771 939 899 1066 padum
922 941 1083 1012 dolorem
1105 996 1112 1010 .
1138 997 1145 1012 .
1168 997 1205 1014 ..
1250 953 1342 1042 quod
1355 953 1596 1032 inveteratum
1612 965 1724 1035 [uerit
1739 1019 1866 1038 .....
1882 985 1963 1036 cum
1978 968 2150 1044 servetur,

294 1075 408 1160 capud
432 1077 488 1144 vel
518 1078 699 1165 pedanei
727 1083 964 1154 mandabitur.
998 1089 1034 1154 et
1057 1087 1088 1155 si
1112 1091 1208 1157 anti·
1249 1090 1315 1160 has
1338 1111 1460 1180 preces
1483 1095 1598 1167 dices:

295 1238 385 1305 quus
409 1219 510 1287 dolor
533 1221 644 1290 fuerit
663 1277 671 1290 .
692 1275 699 1290 .
721 1227 784 1292 ,et
798 1225 852 1312 ejs
875 1229 1047 1314 proderit.
1074 1232 1122 1318 (l)
1140 1230 1206 1310 Qui

294 1354 466 1423 comitiali
489 1361 611 1425 morbo
626 1361 676 1443 (2)
700 1365 879 1430 vexantur
897 1365 961 1448 (3).
980 1368 1017 1433 et
1037 1368 1133 1455 quod
1153 1368 1206 1435 in·
1381 1373 1541 1440 Horner.
1565 1375 1672 1444 larci.
1698 1379 1832 1446 habech
1851 1429 1859 1444 .
1881 1430 1888 1444 .
1910 1429 1918 1444 .
1939 1430 1946 1445 .

294 1491 454 1558 sanabile
476 1491 667 1562 videbitur.
696 1498 733 1564 ai
748 1497 841 1585 quod
864 1498 1102 1568 inveteratum
1130 1503 1205 1570 iuc—
1383 1513 1510 1581 Oisius.
1536 1517 1672 1584 cicaro.
1698 1520 1837 1587 hodieu.
1864 1521 2019 1588 laciaco.

295 1633 344 1700 rit
366 1634 524 1720 proderit
528 1687 741 1706 ........
767 1660 849 1708 cum
872 1642 1043 1710 servierit
1067 1644 1114 1732 (4)
1138 1646 1204 1712 has
1387 1649 1509 1718 Virtus
1530 1655 1618 1720 coeii
1640 1655 1755 1723 libera
1777 1655 1883 1742 pallei
1903 1706 2028 1722 .....

294 1782 398 1876 pices
422 1788 511 1874 (sic).
545 1793 695 1858 Horncr.
728 1790 817 1858 laxi.
846 1792 954 1859 habal
981 1840 1137 1860 ......
1152 1795 1205 1862 Oi-

292 1935 379 2002 sivc.
404 1939 535 2003 etaoro.
560 1935 695 2004 hodicr.
722 1937 883 2005 laccaon.
902 1939 1016 2007 virtus
1041 1941 1201 2010 cclilibe-
1245 1934 1363 2002 verbis
1386 1935 1503 2005 dices:
1528 1941 1565 2006 ei
1588 1937 1738 2008 canibus
1762 1941 1999 2020 circumdari,
2025 1961 2070 2010 ne
2093 1960 2154 2029 pe-

294 2099 349 2146 ra.
374 2081 471 2147 Pelle
490 2131 611 2147 .....
628 2081 744 2149 verbis
767 2081 875 2150 dices.
901 2086 938 2150 et
960 2083 1110 2151 canibus
1133 2083 1202 2151 cir·
1245 2081 1314 2148 lem
1344 2132 1649 2152 .........

293 2229 463 2297 cumulari.
489 2247 534 2297 ne
557 2230 708 2317 pestilen
732 2233 792 2318 (5).
870 2259 873 2264 ⁷

329 4033 373 4114 (1)
395 4033 422 4095 ΙΙ
442 4033 478 4096 Ρ.
501 4034 604 4096 scrive
627 4033 661 4096 in
684 4039 769 4098 noia:
796 4059 809 4093 ι
833 4032 915 4096 Inde
937 4035 1080 4096 evanida
1101 4033 1264 4113 quaedam
1284 4033 1385 4096 cerda
1405 4034 1444 4094 iu
1466 4032 1542 4096 Caci.
1562 4057 1589 4092 ι.
1613 4033 1683 4094 Nun
1705 4035 1767 4112 pua
1787 4035 1914 4112 negarsi
1935 4034 1996 4096 che
2013 4037 2047 4099 in
2064 4055 2145 4118 que·

287 4139 449 4259 sioluogo
470 4181 494 4240 il
508 4200 546 4271 >n.
570 4180 605 4242 C.
628 4179 676 4242 sie
699 4181 783 4242 assai
804 4179 998 4255 melundino,
1013 4181 1152 4260 peraliro
1175 4178 1312 4260 qualche
1334 4177 1443 4260 parole
1457 4177 1485 4240 si
1500 4178 1592 4258 legge
1613 4196 1743 4250 ancora,
1760 4183 1966 4260 quantunque
1988 4199 2046 4244 con
2061 4183 2142 4245 mol-

287 4329 319 4387 to
339 4328 454 4388 stenio.

328 4471 367 4551 (2)
389 4471 448 4531 Nel
469 4492 501 4533 n.
524 4471 559 4532 C.
583 4475 600 4532 ὁ
621 4473 732 4534 scritta
753 4491 811 4534 con
832 4472 993 4534 chiarezza
1015 4473 1046 4532 la
1068 4471 1178 4551 parole
1198 4471 1320 4540 morbo·
1343 4470 1370 4530 d'
1386 4469 1529 4533 clirondc
1544 4470 1602 4532 che
1624 4489 1697 4532 cosa
1717 4470 1852 4534 direbbe
1874 4471 1905 4534 la
1926 4490 2002 4534 voce
2023 4471 2136 4535 uerbo?

286 4613 373 4679 Tutii
393 4637 490 4679 sanna
512 4619 535 4678 ii
556 4617 732 4696 significato
754 4617 786 4678 di
808 4619 938 4679 morbus
960 4617 1149 4681 comitialia.

324 4763 373 4844 (3)
393 4763 480 4844 Dopo
502 4761 532 4823 ia
551 4763 661 4843 parole
682 4769 847 4824 vexantur
867 4781 929 4822 non
950 4761 979 4822 si
1000 4765 1127 4822 avverte
1149 4759 1362 4824 interruzione
1385 4762 1499 4824 alcuna
1519 4760 1570 4823 nel
1592 4779 1624 4822 n.
1648 4760 1685 4824 C.

323 4910 372 4992 (4)
395 4909 503 4972 Prima
524 4906 556 4968 di
577 4927 651 4969 cum
671 4907 826 4986 fervuecit
847 4906 879 4968 la
900 4907 1008 4987 parole
1029 4925 1091 4966 non
1113 4907 1141 4966 si
1158 4889 1277 4984 ¹lagga.
1312 4907 1508 4968 Acccttiamo
1540 4906 1571 4966 lu
1592 4906 1712 4967 lenione
1743 4905 1793 4968 dei
1815 4905 1903 4967 Piira
1935 4905 1995 4967 hoc
2022 4923 2136 4984 preces

284 5055 382 5124 dices,
404 5073 457 5116 ma
477 5053 629 5114 iacciemo
650 5056 759 5114 notare
782 5051 840 5112 che
862 5055 976 5130 questa
996 5049 1079 5110 irase
1101 5068 1178 5129 poco
1199 5067 1291 5130 sopra
1307 5053 1324 5110 e
1339 5049 1451 5111 scritta
1471 5068 1527 5130 per
1542 5049 1644 5111 iniero
1666 5068 1683 5111 e
1705 5069 1768 5112 nun
1790 5069 1848 5111 con
1863 5049 1895 5112 la
1906 5069 1932 5128 p
1946 5049 2134 5114 abbreviata

283 5203 451 5280 congiunta
471 5219 491 5263 a
511 5201 609 5264 dices.

320 5346 367 5427 (5)
390 5347 428 5407 nl
450 5365 541 5407 verso
561 5348 592 5408 8.
616 5344 667 5405 del
689 5344 712 5405 f.
733 5341 805 5404 183.
827 5349 914 5404 recto
936 5341 1045 5403 finiscc
1066 5340 1097 5402 la
1118 5340 1269 5402 scrittura
1292 5359 1350 5402 con
1373 5340 1402 5402 l'a
1423 5341 1533 5422 parole
1553 5339 1746 5422 incompleta
1765 5341 1920 5420 pectileu.
1954 5362 1972 5404 a
1994 5347 2077 5406 tutia
2100 5344 2131 5406 la

280 5491 395 5572 pagina
414 5490 536 5553 rimane
557 5488 682 5550 bianca.
705 5489 731 5549 ΙΙ
753 5487 842 5550 Pitra
861 5487 895 5548 in
915 5486 1075 5568 pecuniosi
1097 5486 1212 5549 scrivc:
1238 5509 1250 5542 ι
1276 5485 1436 5564 (Caetera
1455 5487 1532 5566 folii
1543 5487 1673 5568 popina
1687 5488 1765 5550 ciba
1779 5494 1888 5552 uocat.
1917 5487 1979 5551 Vico
1994 5489 2130 5554 dubium

280 5635 361 5715 puin
381 5635 444 5697 huc
465 5635 677 5696 inserendo-m
696 5632 740 5694 ait
761 5633 900 5695 inicium
920 5633 1079 5712 epistolae
1099 5635 1265 5711 coquentis
1281 5633 1384 5711 juncta
1408 5633 1484 5697 aaa.
1510 5633 1741 5707 Porisienwm,
1765 5653 1866 5714 quum
1895 5634 2040 5714 ejucdem
2061 5636 2130 5714 epi-

206 5801 213 5814 ’
278 5783 381 5844 atalae
397 5800 478 5861 pars
497 5781 619 5842 tatiana
640 5781 770 5858 leuatur
792 5779 830 5841 iu
847 5759 976 5859 popina
997 5778 1105 5841 altera
1129 5779 1205 5842 Coa.
1233 5778 1384 5842 Gauemis
1406 5781 1446 5841 ab
1468 5779 1555 5843 hicce
1575 5781 1690 5844 uerbia:
1707 5779 1819 5844 ‘occec
1833 5781 1988 5842 immissis
2009 5781 2083 5862 etc.)
2098 5805 2126 5844 ι.
