5372 7106
980 522 1059 600 DE
1104 522 1480 603 LAPIDIBUS
2055 529 2102 604 19

302 726 407 810 aptus
430 723 523 790 collo
544 722 690 792 idoneus
714 727 882 812 persanat
906 724 1001 802 enim
1025 741 1096 790 eos.
1122 725 1293 792 Preterea
1308 726 1347 794 in
1363 725 1457 794 lineo
1481 744 1599 812 panno
1623 725 1741 792 misso.
1760 727 1797 792 et
1812 725 1851 792 in
1875 725 1991 792 fronte
2013 724 2148 810 ligatus

301 878 438 946 fluxum
459 876 643 964 sanguinis
665 877 825 963 stringit.
852 878 945 946 Sciet
967 881 1086 946 autem
1112 877 1174 966 qui
1197 896 1279 945 eum
1304 882 1425 966 portat
1448 881 1571 948 futura
1597 879 1810 967 praedicere.
1835 882 1872 948 et
1895 879 2053 948 infirmos
2076 893 2155 968 pro

302 1033 401 1100 hibet
423 1032 541 1102 aliena
563 1033 660 1120 loqui
683 1038 720 1101 et
742 1034 931 1120 languores
954 1031 1118 1120 expellit.
1145 1033 1424 1121 circumligatus
1448 1054 1574 1103 nervos
1600 1035 1709 1104 etiam
1735 1039 1772 1103 et
1794 1053 1964 1104 verrucas
1996 1035 2155 1124 corporis

304 1191 407 1257 sanat
428 1189 619 1276 applicitus
642 1191 761 1256 autem
785 1207 829 1256 ea
852 1191 954 1276 parte
980 1189 1039 1256 uhi
1063 1189 1165 1257 dolor
1189 1194 1258 1257 est.
1288 1191 1437 1276 Insuper
1460 1191 1491 1258 si
1515 1191 1594 1279 quis
1619 1211 1699 1258 eum
1737 1194 1965 1260 consecratus
1989 1192 2159 1260 hahuerit
2292 1205 2293 1208 ’

303 1347 341 1410 in
364 1342 502 1410 domum
529 1361 634 1429 quam
659 1342 862 1411 incenditur
884 1343 915 1410 si
938 1361 1022 1410 casu
1044 1314 1237 1430 contigerit
1277 1343 1327 1426 (1)
1352 1343 1521 1410 continuo
1544 1344 1776 1430 extinguitur
1814 1343 2031 1414 incendium.
2058 1345 2155 1413 Istud

304 1497 422 1562 autem
444 1498 538 1582 lapis
562 1497 705 1564 vulcani
729 1503 784 1565 est
806 1500 1048 1566 consecratus.

349 1649 683 1736 Lapisl'opaaontc.
708 1653 931 1738 Tupanaonte
968 1653 1019 1736 (2)
1055 1653 1292 1718 tutamentum
1327 1650 1502 1737 optimum
1527 1652 1609 1719 erit.
1636 1651 1681 1719 ad
1716 1653 1954 1721 divinationes
1977 1655 2156 1740 aquatiles

303 1800 525 1890 aptissimum
548 1809 613 1874 est.
638 1805 737 1882 Quod
760 1806 790 1873 si
814 1805 894 1894 quis
919 1825 987 1874 uve
1011 1825 1070 1874 ma
1080 1804 1160 1874 rina
1191 1807 1241 1889 (3)
1258 1806 1382 1874 vinum
1407 1807 1538 1874 biberit
1561 1809 1599 1874 et
1623 1806 1798 1875 insaniat.
1817 1809 1903 1875 trito
1918 1807 2035 1894 lapide
2051 1825 2158 1894 super

305 1958 498 2026 cuticulam
528 1961 578 2043 (4)
602 1979 682 2026 cum
707 1979 801 2048 aqua
823 1963 860 2026 et
882 1959 947 2027 das
970 1959 1142 2027 furiosum
1175 1962 1238 2046 (5).
1273 1961 1405 2029 Deinde
1429 1965 1513 2048 apta
1536 1963 1570 2029 ei
1594 1962 1751 2049 lapidem
1775 1961 1874 2030 circa
1897 1962 2029 2029 collum
2052 1965 2087 2028 et
2102 1980 2160 2029 sa-

304 2115 463 2182 nabitur.
487 2113 776 2183 sacrificantibus
800 2115 909 2182 etiam
932 2115 1284 2204 propitiantihusque
1299 2117 1363 2184 deo
1382 2118 1471 2184 utile
1487 2120 1553 2186 est.
1571 2116 1775 2185 suasionem
1800 2115 1898 2183 enirn
1915 2117 2026 2184 habet
2041 2134 2160 2183 secum

304 2271 341 2335 et
363 2269 650 2354 impetrationem
672 2272 709 2337 ct
731 2275 854 2355 gratos
877 2270 961 2338 iacit
984 2273 1150 2356 gerentes
1175 2272 1226 2356 (6)
1250 2271 1494 2339 sanctificatus
1518 2273 1693 2358 perpetua
1716 2269 1998 2338 consecratione.

346 2399 451 2509 Lapis
474 2425 651 2511 magnetis
676 2425 739 2510 (7).
765 2386 944 2511 Magnetis
966 2425 1060 2512 lapis
1075 2427 1113 2492 et
1136 2426 1211 2512 ipse
1237 2443 1387 2510 magnas
1412 2425 1564 2492 virtutes
1588 2426 1707 2492 hahet.
1724 2425 1870 2511 plenum
1894 2424 2075 2511 spiritum.
2094 2427 2159 2492 hcc
2246 2397 2250 2406 ’

301 2585 356 2647 est
378 2579 609 2666 adtrahitque
631 2582 830 2666 appositum
855 2581 989 2648 terrum
1013 2581 1145 2646 retinet
1169 2580 1232 2664 (8).
1272 2579 1411 2645 Invenit
1446 2581 1563 2645 autem
1600 2597 1682 2645 eum
1718 2578 1889 2646 cholchis.
1928 2584 1999 2645 Hoc
2030 2577 2157 2646 dicunt

303 2747 405 2796 usum
429 2729 493 2813 (9).
519 2729 558 2797 in
581 2731 734 2816 magica.
759 2732 912 2800 Medium
936 2750 1019 2800 vero
1042 2732 1184 2800 nomine
1206 2733 1250 2799 de
1273 2732 1456 2800 mediodon
1472 2735 1558 2818 (10).
1576 2735 1655 2819 post
1677 2751 1782 2820 quem
1798 2733 1892 2801 circa
1916 2737 2002 2818 (ll).
2029 2733 2158 2802 deinde

302 2883 396 2949 medi
420 2883 482 2970 qui
505 2903 728 2970 peromnem
751 2887 877 2954 horam
899 2905 941 2954 eo
965 2886 1020 2954 usi
1043 2889 1127 2954 sunt
1149 2886 1352 2954 claritatem
1368 2907 1415 2955 ex
1438 2887 1621 2956 duodecim
1637 2890 1824 2974 signorum
1849 2891 1936 2973 (12).
1962 2889 2026 2957 llic
2051 2889 2158 2974 lapis

341 3193 390 3282 (1)
413 3202 451 3263 Α.
479 3225 490 3256 ι
514 3200 550 3262 In
570 3204 654 3262 nota:
680 3221 692 3254 ι
717 3217 793 3259 casu
814 3217 872 3276 ego
893 3217 932 3259 ex
954 3195 1017 3257 alia
1032 3196 1148 3258 codicis
1172 3195 1253 3257 8454
1278 3197 1461 3292 versione·
1485 3231 1525 3240 —
1545 3199 1581 3260 P.
1608 3223 1620 3255 ι
1643 3197 1670 3260 si
1693 3217 1806 3260 cauma
1831 3197 2010 3278 contigerit.
2037 3223 2048 3254 ι

343 3348 391 3428 (1)
413 3343 449 3408 P.
473 3365 490 3406 c
512 3346 550 3408 A.
577 3369 590 3402 r
614 3345 844 3425 dopatozontes.
872 3367 885 3399 1
1128 3301 1130 3307 v

342 3491 391 3572 (3)
413 3492 449 3554 P.
472 3493 505 3553 in
525 3495 609 3553 nota:
636 3515 648 3546 ι
671 3491 708 3552 In
729 3490 846 3570 quihus
868 3489 944 3586 locis
966 3451 1091 3566 ridetur
1112 3486 1295 3566 intelligere
1318 3452 1478 3568 sepiarum
1499 3505 1561 3548 uva
1585 3533 1594 3558 ‚
1631 3505 1712 3568 quae
1734 3487 1830 3549 simul
1853 3489 1989 3562 iuncta,
2024 3506 2160 3552 uvarum

302 3638 472 3716 botryones
491 3639 740 3716 repraesentant.
766 3657 778 3688 ι

342 3783 390 3863 (t)
413 3782 448 3843 P.
476 3780 733 3870 «craticulam»
759 3781 796 3840 A.
824 3802 837 3835 r
861 3775 1039 3858 coticulam
1063 3798 1090 3838 ι.

342 3929 391 4009 (5)
412 3929 447 3988 P.
471 3947 489 3989 e
510 3928 549 3990 A.
575 3949 588 3984 ι
612 3926 652 3986 da
673 3926 792 3986 furioso
815 3922 938 3984 bibere.
964 3943 976 3976 ι

341 4074 390 4156 (6)
412 4075 447 4136 P.
471 4094 489 4136 e
510 4074 549 4136 A.
576 4097 588 4131 r
612 4077 787 4150 gestantes.
814 4093 826 4126 1

342 4205 391 4302 (i)
413 4207 449 4283 ’1.
472 4241 491 4282 0
511 4220 550 4281 n.
577 4244 589 4277 «
612 4216 774 4297 uagatus.
800 4238 812 4271 .

340 4366 389 4447 (8)
412 4365 447 4426 Ρ.
474 4388 487 4423 r
510 4349 628 4425 Plenus
650 4368 698 4424 est
719 4360 833 4442 spiritu
852 4403 861 4428 ,
883 4359 943 4420 hoc
963 4363 1012 4420 est
1033 4357 1164 4420 attrahit
1186 4331 1270 4438 quod
1293 4355 1472 4438 appositum
1493 4359 1614 4419 serrum
1635 4358 1692 4438 (11)
1715 4357 1829 4419 retinet
1854 4381 1880 4420 1.
1904 4395 1943 4404 -
1966 4359 2003 4420 A.
2031 4383 2042 4414 ι
2072 4331 2170 4438 quod

301 4510 478 4590 appositum
499 4509 620 4569 serrum
641 4513 674 4566 et
694 4504 823 4566 retinet.
850 4527 862 4560 1

342 4655 390 4736 (9)
411 4657 450 4717 Α.
472 4655 524 4717 nel
547 4659 628 4716 testo
654 4677 665 4710 ι
690 4669 781 4715 usam
805 4671 833 4724 »ς
857 4652 889 4711 in
911 4655 1010 4713 uota:
1038 4675 1050 4707 ι
1074 4669 1164 4712 usam
1198 4667 1257 4728 ego
1279 4669 1319 4710 er
1341 4647 1431 4710 Marb
1448 4667 1518 4730 :p-
1539 4653 1609 4728 post
1630 4647 1720 4709 illum
1741 4649 1844 4710 fertur
1865 4649 1986 4710 famosa
2012 4652 2154 4713 venetica

300 4801 403 4863 Circe.
426 4801 493 4862 Hoc
514 4800 547 4860 in
567 4799 747 4882 praestigiis
770 4799 901 4876 magicis
923 4797 1106 4878 specialiter
1127 4815 1186 4884 usa
1208 4835 1247 4846 -
1271 4820 1298 4857 ι.

342 4945 402 5025 (10)
424 4948 462 5008 A.
484 4947 519 5008 in
539 4950 623 5007 nota:
651 4969 663 5002 ι
687 4945 726 5005 de
748 4942 916 5005 mediodon
938 4944 1021 5023 quod
1041 4962 1135 5022 grece
1159 4941 1279 5002 dicitur
1302 4941 1383 5021 conj.
1407 4941 1502 5020 Ring,
1525 4941 1578 5002 vix
1600 4945 1700 5010 recte,
1724 4961 1796 5002 curn
1818 4941 1947 5002 Ededon
1963 4941 1977 5022 (
1991 4942 2152 5003 -Medio-

301 5090 442 5169 don—)
462 5109 483 5151 a
502 5089 652 5152 Marbodo
673 5107 786 5168 magus
808 5089 934 5149 dicatur
956 5087 1009 5168 qui
1031 5087 1090 5148 hoc
1103 5071 1217 5166 'lapide
1242 5106 1318 5147 usus
1341 5089 1382 5149 sit
1405 5111 1433 5150 1.

341 5234 406 5316 (11)
429 5236 465 5298 Ρ.
492 5259 504 5294 ι
526 5241 768 5316 praeterquam
790 5233 992 5314 quaerendus
1015 5255 1042 5292 ι.
1066 5252 1108 5280 a·
1128 5205 1169 5293 A.
1199 5255 1211 5288 r
1236 5235 1306 5311 post
1329 5249 1424 5312 quem
1440 5233 1642 5311 quaerendus
1667 5256 1695 5294 ι.

341 5381 406 5463 (11)
427 5380 463 5445 Ρ.
486 5401 504 5443 a
525 5383 564 5444 A.
587 5382 639 5443 nel
659 5387 752 5444 testo:
779 5405 791 5440 a
814 5380 891 5442 Inde
913 5377 995 5440 Medi
1017 5379 1071 5457 qui
1092 5396 1152 5459 per
1173 5396 1302 5438 omnem
1326 5375 1438 5438 horam
1459 5396 1495 5437 eo
1516 5377 1567 5439 usi
1589 5383 1661 5438 sunt
1694 5397 1734 5440 ex
1755 5376 1901 5440 claritate
1923 5377 2092 5440 duodecim
2116 5378 2159 5438 ai-

300 5549 487 5610 guorum....
511 5546 523 5584 1·
548 5526 575 5587 11
595 5525 684 5587 Ρ1111
705 5525 738 5586 in
759 5527 845 5622 nota:
872 5547 884 5582 ι
907 5522 1050 5584 Lacunas
1072 5519 1200 5602 punctis
1223 5519 1443 5581 demonstrare
1465 5523 1541 5583 satis
1562 5523 1633 5584 erit.
1658 5521 1757 5585 Totus
1779 5505 1934 5585 hic‘locus
1948 5523 2045 5586 variis
2066 5524 2155 5586 vitiis

299 5674 424 5736 laborat
446 5673 479 5734 in
500 5673 607 5734 codice
631 5695 642 5727 ι
668 5670 774 5734 l’Ahel
796 5670 830 5732 in
850 5673 935 5730 nota:
963 5691 975 5725 ι
999 5665 1087 5729 nulla
1107 5667 1248 5730 lacunae
1270 5666 1361 5746 signa
1383 5666 1416 5727 in
1439 5667 1501 5729 C...
1527 5689 1555 5731 r.
1577 5704 1616 5716 —
1629 5667 1688 5732 Nel
1710 5667 1824 5732 Codice
1845 5669 1986 5733 Curense
2007 5671 2154 5750 nappure'

300 5821 329 5882 si
349 5817 429 5881 rede
452 5819 546 5881 alcun
566 5836 663 5897 segne
684 5817 716 5879 di
737 5815 863 5880 lacuna.
