5454 7104
1234 540 1414 622 OODEX
1458 539 1712 617 uulnusls

1378 841 1607 924 MGLVI

1340 1122 1400 1196 A.
1428 1118 1485 1196 D.
1515 1120 1629 1197 1051

603 1389 630 1478 †
657 1391 697 1456 Iu
722 1391 865 1457 nomine
890 1387 1023 1456 domini
1043 1388 1233 1473 ,trigesimo
1256 1389 1364 1454 tertio
1388 1408 1482 1456 anno
1506 1388 1727 1474 principatus
1750 1387 1870 1456 domni
1904 1387 2017 1454 nostri
2040 1385 2237 1453 Guaimarii
2260 1371 2411 1470 gloriosi

557 1542 744 1630 principis,
769 1549 806 1611 et
829 1543 1074 1613 tertiodecimo
1097 1561 1192 1610 anuo
1215 1543 1365 1610 ducatus
1388 1543 1465 1609 eius
1488 1542 1639 1620 amalfis,
1657 1545 1694 1610 et
1716 1542 1922 1610 duodecimo
1945 1559 2040 1608 anno
2065 1540 2217 1608 ducatus
2233 1537 2332 1606 illius
2346 1536 2415 1606 sir-

559 1701 674 1778 renti,
699 1702 734 1766 et
755 1699 892 1767 decimo
916 1717 1011 1766 anno
1035 1699 1259 1784 principatus
1282 1699 1320 1762 et
1342 1697 1501 1782 ipsorum
1525 1696 1718 1765 ducatuum
1743 1696 1864 1764 domni
1887 1697 2008 1782 gisulfi
2031 1694 2158 1763 eximii
2182 1692 2355 1782 principis
2379 1693 2416 1758 et

560 1854 661 1924 ducis
684 1854 746 1920 lilii
769 1853 858 1928 eius,
884 1869 1005 1920 mense
1029 1850 1146 1926 maio,
1173 1853 1315 1936 quarta
1329 1849 1536 1919 Indictione.
1562 1851 1852 1919 Memoratorium
1876 1853 2010 1917 lactum
2035 1869 2058 1917 a
2081 1867 2137 1916 me
2160 1848 2332 1915 iohannes
2356 1867 2414 1914 ve·

557 2007 733 2076 nerabilis
755 2011 867 2076 abbas
889 2025 934 2074 ex
959 2003 1168 2073 monasterii
1191 2007 1314 2070 sancte
1337 2005 1446 2081 solie,
1472 2024 1541 2091 que
1563 2005 1634 2074 sita
1655 2008 1711 2072 est
1733 2007 1830 2074 intus
1853 2006 1947 2073 cives
1969 2004 2123 2080 Salerni,
2142 1979 2189 2070 eo
2212 2003 2305 2090 quod
2330 2004 2415 2070 ante

559 2162 800 2250 suprascripti
823 2161 960 2229 idoneis
984 2160 1166 2235 homines,
1192 2178 1257 2246 per
1279 2158 1538 2227 combenientia
1561 2159 1636 2226 vice
1661 2159 1768 2246 ipsius
1792 2157 2028 2234 monasterii,
2056 2177 2165 2244 quam
2189 2159 2227 2223 et
2249 2175 2313 2243 pro
2337 2155 2414 2223 vice

559 2317 704 2383 Gemnrc
730 2314 859 2382 relicta
875 2313 1053 2400 quondam
1077 2310 1250 2398 guaiferii
1272 2310 1425 2386 comitis,
1452 2311 1514 2398 qui
1537 2311 1654 2398 ipsum
1680 2311 1937 2378 monasterium
1962 2331 1984 2378 a
2007 2313 2097 2378 nobo
2113 2310 2321 2378 fundamine
2336 2327 2419 2377 con-

562 2463 726 2541 struxit,
766 2464 811 2532 ad
836 2463 1027 2530 tenendum
1051 2467 1088 2530 et
1110 2462 1343 2530 lavorandunr
1370 2463 1518 2530 tradidit
1540 2449 1670 2534 stefani
1693 2465 1736 2532 de
1759 2465 1900 2533 sianum
1923 2466 1995 2533 lllio
2018 2466 2197 2553 quondam
2220 2465 2316 2532 leoni
2341 2483 2415 2533 una

562 2617 666 2703 pecia
688 2616 732 2683 de
756 2620 856 2684 terra
880 2635 959 2682 cum
984 2617 1213 2702 ‹puertietum
1239 2618 1275 2681 et
1299 2617 1544 2683 bacuum'uno
1568 2616 1774 2694 tentantem,
1799 2617 1891 2704 quod
1915 2635 1999 2705 pars
2022 2617 2185 2686 iamdicti
2208 2618 2417 2686 monasterii

563 2791 644 2840 curn
669 2771 833 2858 predicta
855 2788 998 2857 gemma
1014 2771 1250 2880 communiter
1274 2771 1375 2837 abuit
1398 2775 1435 2838 in
1458 2771 1579 2839 eodem
1596 2772 1713 2840 locum
1736 2773 1875 2840 sianum
1900 2791 1965 2858 per
1987 2792 2027 2840 ec
2050 2775 2138 2841 fines
2160 2777 2197 2842 et
2213 2792 2412 2841 mensuras:

564 2929 607 2996 'de
631 2927 797 2995 exomni
822 2931 925 3013 parte
948 2929 1017 2994 fine
1041 2927 1152 3014 ipsius
1176 2927 1384 2993 monasterii
1408 2929 1444 2993 et
1467 2929 1625 3013 predicte
1649 2949 1817 3015 gemme:
1853 2949 1875 2997 a
1910 2948 1994 3016 pars
2028 2932 2179 2997 orientis
2213 2931 2297 2998 inde
2330 2935 2417 2998 sunt

559 3083 655 3168 passi
679 3082 829 3168 dugenti
854 3081 1096 3168 quadraginta
1120 3081 1201 3148 duo:
1226 3099 1248 3146 a
1273 3098 1355 3166 pars
1380 3077 1532 3147 meridie
1555 3079 1638 3146 inde
1661 3084 1745 3150 sunt
1767 3081 1862 3168 passi
1887 3083 2132 3170 quadraginta
2156 3084 2257 3150 tres:
2283 3103 2306 3149 a
2329 3102 2414 3170 pars

564 3233 759 3301 occidentis
782 3233 867 3301 inde
890 3235 974 3300 sunt
997 3232 1093 3319 passi
1116 3233 1261 3300 ducenti
1284 3231 1528 3319 quadraginta
1552 3235 1652 3300 tres:
1694 3253 1716 3300 a
1740 3253 1824 3320 pars
1847 3235 2112 3330 septemtrionis
2135 3235 2278 3303 abiente
2305 3253 2416 3324 usque

560 3388 686 3474 priora
708 3390 779 3455 line
803 3389 886 3456 inde
910 3391 995 3454 sunt
1018 3388 1113 3474 passi
1139 3386 1269 3472 viginti
1292 3389 1383 3464 octo,
1409 3389 1524 3454 totum
1549 3393 1793 3458 mensuratum
1817 3390 1862 3456 ad
1885 3389 1980 3457 iusto
1998 3409 2105 3476 passu
2127 3391 2296 3461 hominia.
2320 3394 2359 3457 ln
2375 3411 2417 3459 oc

461 3529 465 3540 “
563 3538 714 3608 hordine
737 3542 822 3608 illut
846 3541 957 3627 ipsius
980 3541 1110 3608 stefani
1135 3539 1294 3616 tradidit,
1321 3543 1360 3606 ut
1383 3540 1518 3608 dictum
1543 3533 1702 3618 ostride
1725 3543 1837 3630 ipsius
1862 3544 2072 3612 monasterii
2095 3548 2132 3612 et
2156 3565 2221 3631 pro
2244 3545 2323 3612 rice
2337 3563 2419 3630 pre-

560 3693 655 3761 dicte
678 3713 830 3794 gemme,
851 3668 900 3766 ut.
914 3693 1038 3762 amodo
1062 3699 1098 3760 et
1120 3713 1261 3780 semper
1285 3697 1360 3761 tota
1383 3695 1420 3760 et
1442 3694 1572 3761 inclita
1596 3695 1674 3782 ipsa
1690 3696 1897 3782 supradicta
1919 3703 1974 3763 est
1998 3697 2145 3765 traditio
2168 3715 2233 3783 per
2249 3695 2418 3765 iamdicte

566 3848 648 3914 finis
671 3850 708 3914 et
730 3867 916 3916 mensuras
940 3849 986 3916 ad
1002 3867 1104 3916 suam
1128 3851 1164 3914 et
1187 3849 1230 3915 de
1253 3849 1327 3920 suis
1351 3848 1516 3916 erodibus
1532 3851 1605 3916 sint
1620 3852 1831 3935 potestatem
1849 3853 1973 3918 tenere
1996 3853 2033 3918 et
2047 3852 2245 3930 dominare,
2260 3855 2297 3918 et
2320 3855 2418 3922 soree

568 4004 605 4067 et
628 4001 744 4068 omnis
767 4021 830 4068 sne
854 4001 1024 4070 utilitatis
1047 4021 1111 4088 per
1135 4003 1308 4070 rationem
1334 4002 1465 4070 ibidem
1490 4005 1621 4070 facere.
1648 4005 1693 4070 Et
1715 4021 1779 4090 per
1802 4005 1914 4070 totum
1938 4003 2035 4070 infra
2050 4005 2126 4090 ipso
2150 4003 2368 4091 quertietum
2382 4009 2420 4070 et

567 4161 735 4234 bac-uum,
762 4157 821 4225 ubi
845 4157 1020 4224 meruerit
1041 4209 2114 4226 ...................
2162 4162 2199 4225 et
2222 4159 2301 4245 ipsa
2317 4163 2418 4225 terra

572 4309 739 4377 laborare
763 4314 800 4377 et
822 4312 974 4388 cultore,
1000 4311 1092 4378 siout
1114 4311 1216 4378 decet
1266 4363 1272 4375 .
1325 4363 1333 4377 .
1385 4364 1392 4376 .
1444 4329 1463 4376 .“
1504 4363 1511 4376 .
1564 4311 1724 4378 .amodo
1740 4314 1776 4376 et
1800 4329 1910 4398 usque
1933 4311 2116 4378 duodecim
2141 4311 2229 4378 anni
2252 4313 2419 4399 completi

562 4466 698 4531 abeant
721 4464 850 4532 ibidem
870 4467 1067 4551 perlectum
1084 4465 1323 4532 castanietum
1340 4467 1473 4532 lactum
1498 4467 1534 4530 et
1557 4467 1698 4532 sertum
1715 4467 1855 4540 bonum,
1881 4464 1973 4531 sicut
1987 4464 2031 4530 de
2050 4467 2167 4532 tantos
2182 4484 2295 4533 annos
2310 4466 2420 4532 suerit

571 4623 608 4682 et
632 4619 730 4684 locus
753 4616 828 4702 ipse
852 4618 1037 4694 meruerit;
1063 4620 1099 4684 et
1121 4618 1245 4685 amodo
1270 4624 1306 4684 et
1330 4636 1440 4702 usque
1463 4617 1583 4683 decem
1610 4617 1696 4685 anni
1719 4616 1886 4704 completi
1909 4618 2043 4702 quante
2058 4617 2227 4682 castanee
2251 4617 2334 4685 inde
2349 4617 2421 4684 col-

564 4771 686 4856 ligere
710 4771 907 4852 potuerint,
926 4773 1039 4837 totum
1063 4771 1127 4837 ille
1150 4772 1218 4838 sibi
1234 4773 1366 4838 abeant
1388 4777 1425 4837 et
1441 4771 1579 4837 nullam
1603 4769 1797 4837 sortionem
1814 4770 1897 4836 inde
1920 4770 1952 4837 ei
1971 4770 2096 4837 tollere
2112 4789 2318 4857 queramus.
2344 4773 2420 4857 lpse

569 4924 722 5010 quertic,
748 4925 779 4991 si
802 4923 980 4999 abuerint,
998 4922 1122 4990 amodo
1145 4926 1182 4988 et
1203 4940 1344 5008 semper
1367 4921 1597 4989 medietatem
1620 4921 1703 4988 inde
1726 4921 1771 4989 ad
1796 4939 1877 5007 pars
1900 4921 2011 5008 ipsius
2035 4921 2143 4988 vestri
2159 4920 2368 4989 monasterii
2383 4925 2421 4988 et

557 5077 684 5162 'ipsius
707 5077 877 5144 iamdicta
899 5095 1042 5163 gemma
1065 5073 1184 5152 deant,
1210 5081 1247 5143 et
1270 5077 1496 5144 medietatem
1521 5075 1605 5143 inde
1627 5076 1694 5143 sivi
1721 5079 1865 5144 abeant.
1904 5077 2029 5144 Preter
2052 5076 2095 5145 de
2119 5076 2211 5162 quod
2235 5075 2359 5143 amodo
2382 5079 2420 5142 et

565 5251 709 5318 semper
731 5232 861 5300 ibidem
884 5193 1126 5308 seminaberit,
1150 5232 1260 5300 deant
1283 5233 1365 5301 inde
1388 5233 1489 5301 nobis
1512 5235 1569 5300 vel
1592 5234 1638 5301 ad
1661 5253 1745 5320 pars
1767 5233 1879 5320 ipsius
1902 5234 2070 5320 prephati
2105 5233 2313 5300 monasterii
2348 5234 2421 5300 ter-

566 5370 720 5454 raticum
744 5387 935 5454 secundum
960 5387 1251 5455 consuetudinem
1274 5388 1318 5455 de
1342 5387 1417 5475 ipso
1441 5387 1569 5455 locum.
1610 5389 1660 5454 Da
1683 5387 1752 5474 ipsi
1775 5387 1896 5456 decem
1921 5385 2008 5454 anni
2044 5387 2211 5473 completi
2246 5386 2285 5454 in
2309 5389 2417 5454 antea

568 5559 680 5626 usque
704 5539 791 5608 duos
813 5559 937 5608 annos,
965 5545 1004 5607 ut
1027 5541 1151 5608 amodo
1175 5559 1212 5608 se
1236 5542 1439 5626 compleant
1460 5540 1646 5609 duodecim
1670 5543 1769 5618 anni,
1795 5541 1839 5610 de
1861 5560 1983 5610 omnes
2008 5540 2083 5628 ipse
2107 5542 2301 5618 castaneo,
2327 5540 2420 5627 quod

562 5697 649 5764 inde
673 5695 913 5769 collexerint,
950 5696 1177 5764 medietatem
1201 5696 1284 5763 inde
1309 5696 1418 5764 deant
1440 5715 1462 5763 a
1484 5715 1569 5784 pars
1592 5697 1703 5786 ipsius
1726 5698 1932 5766 monasterii
1955 5700 1992 5764 et
2015 5696 2058 5764 de
2082 5697 2254 5764 iamdicta
2275 5695 2417 5764 lemma.

560 5855 611 5920 Da
635 5851 703 5938 ipsi
728 5851 881 5938 predicti¹
904 5849 1092 5918 duodecim
1115 5851 1202 5918 anni
1228 5851 1398 5938 completi
1424 5850 1462 5918 in
1486 5855 1607 5931 antea,
1625 5851 1708 5920 dum
1733 5853 1795 5921 ille
1819 5857 1955 5921 eteius
1979 5853 2103 5921 eredes
2126 5851 2204 5939 ipsa
2225 5849 2425 5938 suprascri-
