5372 7106
996 519 1079 596 nn
1122 517 1504 597 LAPIDIBUS
1560 455 1562 462 ¹
2068 523 2118 598 25

359 724 464 811 Lapis
487 717 718 793 chrisolitheo
740 722 832 810 lapis
855 725 910 792 est
933 721 1029 790 enim
1052 740 1160 808 super
1183 723 1279 807 ipses
1306 739 1411 807 quam
1435 719 1589 786 turturis
1614 720 1717 786 oculo
1734 721 1797 801 (l).
1824 720 1878 786 eat
1902 721 2023 786 autem
2047 721 2084 787 et
2114 739 2178 787 cu·-

315 879 460 966 pidinis.
486 881 524 946 et
546 879 678 946 amoris
699 880 736 946 et
759 876 896 963 justitie
920 875 1074 944 adiutor.
1112 873 1213 943 Facit
1238 877 1357 941 autem
1394 874 1440 941 ad
1464 877 1554 940 bene
1576 875 1758 959 susceptos
1793 875 1829 940 et
1871 873 2080 961 eloquentes
2106 874 2173 958 (2).

317 1037 354 1102 et
376 1035 575 1121 gratiosum
602 1035 638 1100 et
660 1032 851 1100 amabilem
875 1049 960 1098 esse.
985 1035 1021 1096 et
1044 1029 1270 1097 amicabilem
1296 1031 1342 1096 ab
1365 1028 1422 1096 his
1446 1031 1504 1114 qui
1528 1047 1609 1097 eum
1634 1026 1765 1094 vident.
1802 1029 1840 1094 et
1861 1045 2001 1096 omnem
2036 1027 2178 1114 ingres·

318 1208 397 1258 sum
421 1187 546 1275 aperit.
572 1191 608 1255 et
631 1189 717 1255 facit
740 1189 852 1255 etiarn
875 1187 921 1256 ad
944 1184 1225 1272 indignationem
1249 1186 1446 1252 oculorum.

360 1341 466 1426 Lapis
490 1341 735 1426 apocheamos.
773 1339 1014 1426 Apccheamos
1039 1336 1131 1424 lapis
1169 1335 1286 1422 maj0r
1324 1337 1378 1404 est
1401 1353 1508 1422 quam
1545 1335 1660 1422 caprii
1682 1335 1803 1403 oculos
1826 1337 1889 1420 (3).
1917 1336 2052 1403 habens
2076 1293 2113 1401 in
2135 1353 2176 1404 se

315 1497 505 1579 oblongum
531 1494 578 1580 (4)
602 1493 722 1562 album
748 1512 819 1561 non
842 1493 946 1560 valde
969 1495 1190 1560 subcannum
1208 1491 1270 1574 (5).
1297 1492 1457 1576 gestatus
1475 1489 1512 1558 in
1536 1508 1644 1556 manu
1658 1489 1807 1557 sinistra
1822 1489 1905 1556 facit
1928 1489 2073 1557 aburias
2093 1491 2175 1574 (sic)

314 1647 569 1732 dmmffl.
998 1591 1023 1608 „

354 1827 380 1878 ⁴u
403 1803 507 1888 Lapis
531 1802 821 1872 arnossitatheos.
847 1802 1116 1870 Arnesistatheo
1140 1799 1233 1886 lapis
1257 1798 1386 1868 similis
1401 1801 1456 1866 est
1479 1799 1566 1884 agni
1582 1798 1758 1884 adipibus.
1784 1799 1917 1866 doloris
1934 1798 2037 1886 agni.
2065 1806 2166 1868 Hunc

316 1957 468 2042 lapidem
492 1957 706 2046 quicumque
731 1975 815 2024 usus
838 1957 950 2025 fuerit
973 1955 1129 2024 mitescit
1151 1955 1225 2024 iras
1250 1935 1376 2042 regum
1400 1957 1437 2020 et
1450 1954 1608 2039 judicem
1625 1953 1775 2022 esurias.
1800 1973 1881 2021 cum
1905 1953 2074 2021 habueris
2090 1972 2173 2020 eum

314 2111 477 2178 strictum
501 2110 539 2178 in
562 2129 672 2178 manu
694 2110 858 2178 sinistra.
952 2137 955 2144 ·

359 2263 509 2352 «Lapis
531 2263 743 2332 chelidonio,
780 2261 984 2332 chelidonio
1007 2261 1100 2348 lapis
1123 2261 1225 2330 sortis
1250 2267 1305 2328 est
1328 2261 1472 2348 spissus.
1498 2260 1625 2328 similis
1649 2259 1777 2328 coloris
1812 2257 2031 2326 hirundinis.
2060 2259 2098 2326 et
2124 2279 2171 2327 ex

315 2438 387 2487 nna
409 2420 514 2506 parte
537 2435 757 2504 purpureum
782 2434 828 2483 ex
852 2414 968 2483 altera
990 2423 1094 2502 parte
1116 2418 1183 2483 sub
1197 2414 1350 2482 alvidus.
1377 2416 1440 2484 Est
1462 2413 1521 2482 hic
1538 2413 1703 2482 amabilis
1727 2416 1763 2480 et
1779 2411 2047 2500 impetratorius
2065 2413 2174 2480 vehe-

313 2577 453 2641 menter
476 2573 575 2640 facit.
600 2570 631 2638 si
657 2589 737 2638 eurn
764 2569 933 2638 habuerit
956 2568 1095 2656 aliquid
1118 2570 1155 2636 et
1177 2567 1223 2636 ad
1246 2569 1385 2635 fluxum
1409 2566 1598 2652 sanguinis
1622 2557 1766 2652 prodest
1790 2566 1850 2649 (7).

357 2725 461 2813 Lapis
483 2724 599 2792 sardo.
623 2722 730 2792 sarde
755 2721 847 2808 lapis
870 2721 978 2808 hujus
1001 2716 1095 2788 color
1118 2723 1221 2807 paret
1245 2721 1294 2804 (8)
1321 2719 1423 2786 levis.
1448 2721 1523 2786 aive
1558 2717 1771 2792 maculosus,
1808 2719 1919 2784 bonus
1955 2719 2118 2803 portatus
2143 2737 2168 2786 a

312 2877 522 2946 mulieribus
546 2875 711 2943 amabilis
734 2877 802 2942 est.
828 2873 965 2960 Sculpis
988 2874 1026 2940 in
1049 2891 1131 2940 eum
1154 2871 1319 2938 iuvenem
1344 2870 1394 2952 (9)
1419 2871 1455 2936 et
1478 2867 1645 2936 hederam
1670 2867 1867 2936 involutam
1891 2869 1974 2954 (10).

294 4278 297 4284 .
349 4225 400 4306 (1)
421 4226 457 4286 P.
481 4244 498 4284 e
520 4225 558 4286 A.
586 4246 598 4279 ι
624 4223 716 4302 quasi
739 4220 875 4282 turturis
897 4169 1010 4298 my
1035 4243 1061 4279 ι.

349 4371 397 4450 (2)
418 4370 453 4431 P.
479 4360 496 4429 e
517 4356 555 4429 A.
583 4391 597 4426 ι
623 4372 656 4429 et
676 4366 761 4428 bene
782 4370 968 4446 susceptum
989 4369 1022 4425 el
1042 4363 1244 4442 eloquentem
1269 4385 1295 4422 r.

346 4513 390 4596 (3)
413 4513 449 4576 P.
474 4533 491 4574 e
513 4513 551 4575 A.
579 4537 592 4570 ι
617 4511 704 4592 capri
726 4511 838 4572 oculus
863 4533 893 4572 r.

348 4660 383 4740 (4
402 4659 438 4722 P.
466 4684 478 4718 ι
502 4658 625 4721 habens
647 4659 681 4718 in
702 4675 736 4718 sc
759 4655 905 4737 [apicem]
930 4653 1102 4731 oblongum
1126 4675 1154 4718 r.
1175 4683 1217 4697 —
1237 4653 1275 4713 A.
1304 4675 1316 4708 ι
1340 4651 1461 4712 habens
1483 4650 1515 4712 in
1537 4669 1623 4713 aa...
1647 4651 1818 4728 oblongum
1843 4674 1869 4712 r.
1999 4691 2002 4695 -

346 4805 395 4886 (5)
417 4805 454 4867 P.
478 4823 495 4865 e
519 4805 557 4866 A.
584 4827 596 4861 ι
621 4803 799 4864 subcanum
823 4825 850 4864 ‚2

346 4951 391 5032 (6)
413 4950 449 5012 Ρ.
474 4970 492 5012 e
514 4951 552 5013 A.
581 4973 593 5007 ι
617 4950 695 5011 lacit
716 4949 755 5009 ad
776 4947 855 5010 viles
877 4947 1013 5026 injurias
1036 4967 1063 5006 ι.

344 5095 394 5178 (7)
416 5096 527 5169 Questi
548 5095 610 5156 due
632 5093 758 5156 articuli
777 5127 819 5140 -
838 5093 926 5172 lapis
946 5091 1205 5154 arcessitatbcos
1227 5109 1245 5152 e
1267 5090 1368 5168 Lapis
1389 5088 1575 5152 chelidonio
1597 5123 1637 5134 -
1656 5107 1718 5149 non
1743 5089 1771 5150 si
1792 5087 1927 5168 leggono
1959 5089 2011 5150 nel
2034 5089 2124 5152 Pitra
2145 5111 2165 5152 e
2253 5115 2257 5120 ·

299 5240 377 5302 nell'
388 5240 482 5302 Abel.

344 5383 393 5468 (8)
413 5385 450 5446 P.
474 5399 492 5446 e
512 5385 551 5446 A.
578 5407 591 5441 ι
615 5386 750 5462 apparet
774 5404 802 5443 r.

343 5530 392 5612 (9)
415 5529 451 5592 P.
474 5547 493 5590 e
513 5528 552 5590 A.
579 5551 592 5586 ι
615 5530 742 5589 vineam
763 5529 796 5586 et
817 5524 970 5586 hederam
990 5522 1168 5585 involutam
1193 5547 1220 5584 r.

342 5674 406 5757 (10)
427 5674 513 5754 Dopo
536 5679 646 5754 queste
668 5673 800 5734 articulo
815 5669 856 5716 -'
872 5669 972 5749 Lupia
994 5669 1092 5732 sardo
1107 5669 1183 5729 -il
1205 5669 1294 5730 Pitra
1315 5669 1430 5731 scrisse
1452 5668 1500 5730 col
1522 5667 1601 5749 lapis
1623 5668 1674 5731 nel
1696 5669 1840 5748 margine
1862 5669 2011 5732 inferiore
2034 5669 2085 5732 del
2102 5671 2162 5733 Go-

304 5820 374 5884 dice
395 5820 547 5882 Cavenda:
570 5817 643 5879 Huc
664 5836 766 5897 ltaque
787 5815 877 5895 spic.
901 5812 966 5878 Ill.
991 5814 1074 5876 335.
1110 5803 1113 5807 ’

393 5941 467 5984 τοι.
485 5942 535 5983 vu-
2042 5924 2063 5977 d
