5452 7108
624 472 688 546 uo
1288 463 1762 585 1001111111313

592 667 707 734 limite
730 667 907 734 disseruit.
934 669 1065 734 lterum
1090 671 1294 737 revolbcnte
1317 687 1379 756 per
1402 667 1520 736 media
1542 669 1664 736 antica
1685 667 1780 754 pessi
1795 665 2035 754 septuaginta.
2062 668 2115 734 Ab
2138 667 2437 740 inderevolbente

594 825 631 888 01
652 821 802 889 saliente
825 840 914 907 erga
937 821 1015 908 ipsa
1038 821 1096 889 via
1121 824 1158 890 et
1180 822 1420 909 coniungente
1443 823 1482 890 in
1504 824 1582 911 ipsa
1604 821 1723 910 priore
1745 822 1840 900 fine,
1873 821 1956 888 inde
1979 823 2062 889 sunt
2085 823 2180 908 passi
2202 842 2279 902 sem
2304 825 2348 892 de
2371 825 2443 894 ista

592 980 691 1047 terra
713 998 793 1046 cum
817 980 965 1047 arbustu
989 978 1131 1047 adiunsi
1154 980 1193 1047 in
1215 977 1286 1046 ista
1308 981 1404 1046 sorte
1419 978 1470 1044 de
1493 980 1656 1046 octabam
1678 981 1817 1064 partem
1841 996 1914 1044 una
1936 996 2016 1043 cum
2036 947 2117 1045 'bice
2139 976 2183 1044 de
2207 979 2262 1044 vie
2284 997 2361 1048 sue.
2403 982 2449 1047 111

590 1133 696 1200 aliam
720 1137 851 1202 sortem
874 1134 941 1203 leci
964 1153 1040 1202 esse
1065 1134 1108 1201 (10
1131 1137 1231 1203 10110
1256 1152 1337 1201 cum
1361 1134 1469 1203 binea
1491 1133 1530 1202 in
1554 1134 1629 1220 ipso
1652 1137 1770 1202 locum
1794 1132 1943 1211 betere,
1980 1132 2041 1219 qui
2065 1133 2119 1198 031
2141 1151 2205 1218 per
2236 1152 2276 1201 as
2298 1133 2386 1202 fines
2409 1139 2446 1201 et

591 1305 788 1366 mensuras,
806 1287 898 1356 iusto
922 1307 1027 1374 passu
1051 1288 1186 1356 homini
1210 1292 1434 1357 mensurato.
1461 1291 1515 1357 Ab
1537 1291 1674 1358 oriente
1696 1292 1766 1360 fine
1789 1291 1848 1359 via
1863 1289 2006 1380 puplica
2030 1308 2098 1378 que
2121 1292 2240 1396 pergit
2262 1290 2308 1358 ad
2324 1308 2435 1370 mare,

588 1439 672 1508 inde
694 1446 778 1509 sunt
800 1442 896 1528 passi
919 1442 1189 1529 quaddraginta
1212 1443 1307 1522 duo,
1332 1444 1408 1512 alia
1431 1444 1571 1532 quidem
1595 1447 1698 1532 parte
1720 1446 1790 1512 fine
1812 1445 1890 1532 ipsa
1913 1445 1998 1523 via,
2024 1465 2092 1533 que
2116 1445 2286 1514 dissendit
2308 1445 2354 1513 ad
2378 1449 2449 1514 du-

591 1614 672 1663 men
695 1595 738 1662 de
762 1598 885 1674 veteri,
910 1599 996 1664 sunt
1018 1596 1101 1665 inde
1124 1598 1220 1684 passi
1243 1597 1438 1684 sexaginta
1461 1598 1542 1678 duo,
1560 1601 1596 1666 et
1619 1599 1823 1668 revolbente
1846 1599 1884 1666 in
1906 1603 2009 1686 parte
2032 1601 2295 1687 septemtrionis
2318 1621 2383 1688 per
2409 1600 2450 1667 fl-

591 1766 673 1816 nem
695 1751 854 1817 nostram
877 1750 979 1818 etde
1002 1752 1183 1818 consortes
1206 1752 1347 1818 nostros
1370 1749 1454 1819 inde
1476 1750 1572 1839 passi
1596 1725 1749 1839 triginta
1772 1773 1883 1840 usque
1906 1754 1986 1840 ripa
2008 1753 2051 1821 (10
2066 1754 2265 1841 predictum
2290 1754 2442 1821 fiumen.

591 1902 748 1988 Aperte
770 1902 963 1972 occidentis
985 1904 1055 1971 fine
1080 1906 1226 1981 nostre,
1266 1905 1351 1972 311111
1373 1903 1456 1972 inde
1479 1908 1616 1974 rectum
1650 1911 1895 1974 mensuratum
1918 1907 2012 1992 passi
2036 1908 2326 1996 quinquaginta,
2363 1909 2449 1976 alia

590 2055 731 2143 quidem
753 2060 856 2144 parte
880 2061 1018 2126 rectum
1042 2059 1237 2126 mensurati
1260 2060 1313 2127 da
1336 2059 1417 2148 ripa
1439 2060 1484 2127 (10
1506 2060 1582 2148 ipso
1604 2060 1711 2128 flubio
1747 2080 1857 2148 usque
1880 2063 1958 2149 ipsa
1980 2064 2099 2151 priore
2134 2063 2193 2132 via
2215 2065 2312 2152 passi
2341 2083 2449 2133 sexa-

589 2209 692 2295 ginta
713 2211 803 2277 octo.
841 2212 885 2277 Et
907 2210 1051 2280 adiunsi
1077 2211 1116 2278 in
1139 2211 1210 2278 ista
1232 2213 1328 2278 sorte
1351 2212 1425 2280 alia
1447 2211 1550 2300 pecie
1584 2211 1627 2279 de
1651 2213 1750 2279 terra
1772 2232 1852 2282 cum
1878 2213 1982 2281 binea
2015 2213 2054 2282 in
2087 2213 2295 2282 tamdictum
2318 2215 2435 2283 locum

591 2361 703 2429 beteri
726 2379 795 2447 que
820 2359 961 2449 est'per
985 2382 1024 2430 as
1047 2363 1135 2430 111103
1158 2367 1196 2431 01
1218 2381 1419 2432 mensuras.
1445 2365 1492 2431 De
1516 2383 1589 2431 una
1611 2367 1714 2451 parte
1736 2365 1805 2432 line
1829 2365 1900 2443 via,
1925 2367 2009 2434 sunt
2032 2365 2113 2435 inde
2129 2366 2224 2453 passi
2248 2325 2447 2460 quadtuor-

589 2515 715 2593 decim,
733 2518 770 2582 et
792 2515 839 2584 da
861 2517 940 2604 ipsa
965 2515 1025 2584 via
1047 2521 1221 2604 pergente
1245 2518 1283 2586 in
1307 2521 1448 2606 partem
1470 2519 1664 2588 occidentis
1687 2538 1752 2606 per
1773 2522 1843 2589 flne
1858 2523 1993 2600 nostra,
2010 2521 2103 2589 siout
2126 2522 2360 2591 terminatum
2380 2525 2446 2600 031,

591 2671 675 2736 sunt
695 2669 778 2738 inde
802 2671 897 2757 passi
920 2670 1211 2757 quadtuordecim
1235 2674 1272 2738 ct
1294 2675 1369 2740 tres
1392 2673 1564 2742 sortiones
1588 2674 1631 2741 de
1654 2676 1790 2762 passis,
1815 2676 1852 2741 01
1874 2675 2003 2744 avinde
2026 2679 2198 2762 pergente
2220 2649 2266 2743 ¹in
2300 2677 2439 2763 partem

588 2824 756 2893 meridiei
780 2843 891 2912 usque
913 2824 1121 2902 terminum,
1147 2826 1208 2912 qui
1231 2826 1281 2893 ivi
1305 2826 1427 2894 fletum
1450 2830 1516 2903 est,
1540 2827 1636 2914 passi
1659 2831 1784 2894 nobem
1807 2829 1843 2894 et
1865 2828 1992 2914 planta
2016 2847 2136 2904 unam,
2154 2829 2191 2894 et
2213 2813 2343 2896 avinde
2368 2847 2449 2915 per-

589 2984 698 3067 gente
721 2999 785 3068 per
808 2979 943 3048 termiti
967 2999 1079 3068 usque
1103 2982 1141 3048 in
1156 2981 1272 3050 limite
1288 2981 1383 3070 passi
1406 2981 1598 3068 sexaginta
1622 3001 1696 3050 unu
1719 2983 1756 3048 01
1777 2981 1963 3049 summisse
1985 2985 2022 3049 et
2036 2982 2174 3068 planta.
2201 2985 2232 3048 Α
2255 2985 2358 3070 parte
2374 3003 2446 3049 me·

590 3128 693 3200 ridiei
715 3132 787 3201 flnc
811 3134 926 3202 medio
950 3135 1026 3224 ipso
1052 3136 1195 3215 limite,
1221 3137 1305 3204 inde
1328 3137 1424 3224 passi
1447 3136 1601 3224 triginta
1624 3139 1750 3204 nobem
1773 3139 1810 3204 01
1833 3136 2000 3204 medium.
2025 3139 2056 3203 A
2079 3140 2182 3224 parte
2204 3137 2354 3206 orientis
2374 3137 2448 3204 fine

590 3285 708 3355 medio
736 3287 863 3366 limite,
887 3289 969 3357 inde
993 3291 1088 3378 passi
1111 3292 1324 3378 octuaginta
1346 3310 1423 3360 sex.
1456 3294 1501 3358 Et
1523 3257 1665 3360 adiunsi
1687 3291 1726 3360 in
1748 3291 1819 3359 ista
1841 3294 1936 3360 sorte
1959 3293 2034 3360 tota
2056 3269 2135 3380 ipsa
2157 3293 2257 3360 terra
2278 3311 2360 3360 cum
2383 3311 2441 3358 ar-

590 3443 732 3510 bustum
756 3441 908 3511 vitatum
935 3445 974 3512 in
997 3446 1073 3532 ipso
1097 3448 1214 3515 locum
1238 3443 1414 3516 mitiliano
1438 3467 1506 3535 que
1528 3450 1583 3516 est
1605 3467 1670 3536 per
1691 3447 1952 3535 suprascriptas
1974 3448 2061 3515 flnes
2084 3450 2120 3514 et
2142 3465 2339 3524 mensuras,
2364 3464 2442 3531 sep-

594 3597 734 3664 tuatum
757 3595 841 3664 inde
867 3615 939 3665 una
962 3600 1151 3667 hoctabam
1174 3603 1328 3688 partem,
1342 3622 1410 3689 que
1434 3601 1576 3669 adiu-nsi
1594 3601 1637 3698 in
1653 3601 1731 3686 ipsa
1753 3600 1872 3686 priore
1895 3601 1990 3666 sorte
2014 3619 2086 3666 una
2110 3600 2187 3668 hice
2210 3601 2253 3668 (10
2278 3600 2346 3673 viis
2361 3600 2446 3668 suis

593 3747 690 3814 Unde
712 3747 788 3836 ipse
814 3753 871 3818 leo
894 3771 1088 3838 germanus
1111 3770 1208 3820 meus
1232 3752 1456 3839 conpreensit
1479 3753 1593 3840 ipsam
1615 3753 1770 3839 priorem
1794 3755 1945 3830 sortem,
1982 3751 2138 3839 qualiter
2161 3752 2324 3840 superius
2347 3753 2445 3821 illam

591 3903 659 3970 feci
681 3921 757 3971 esse
781 3924 861 3973 cum
885 3905 961 3974 bice
985 3906 1028 3974 de
1053 3907 1123 3974 viis
1147 3906 1220 3974 suis
1253 3925 1362 3975 unam
1385 3910 1529 3975 sortem.
1565 3909 1611 3974 Et
1633 3907 1742 3974 michi
1766 3908 1946 3976 nominato
1969 3907 2117 3975 iohanni
2141 3908 2297 3976 remansi
2331 3907 2445 3994 ipsam

596 4057 787 4126 secundam
810 4062 953 4138 sortem,
978 4061 1133 4148 qualiter
1156 4059 1324 4148 superius
1347 4060 1449 4128 illam
1473 4060 1541 4128 feci
1564 4079 1640 4128 0330
1663 4081 1743 4128 cum
1766 4059 1886 4128 omnia
1909 4079 1978 4148 que
2000 4059 2050 4128 ivi
2073 4059 2238 4138 adiunsi,
2264 4079 2345 4129 cum
2369 4061 2446 4130 bioe

593 4210 637 4276 de
660 4212 718 4280 via
740 4231 817 4292 3110,
842 4217 879 4282 01
902 4215 1058 4302 qualiter
1081 4233 1157 4281 sors
1184 4213 1259 4301 ipse
1283 4231 1368 4300 pars
1391 4213 1548 4300 partium
1572 4215 1667 4282 inter
1691 4234 1754 4282 nos
1777 4214 1990 4283 tradidimus
2012 4219 2049 4283 et
2070 4217 2369 4302 conpreensimus,
2398 4217 2450 4284 310

592 4385 677 4455 pars
700 4367 858 4454 partium
882 4373 1050 4439 abeamus
1073 4372 1124 4438 310
1147 4370 1244 4449 illas,
1270 4370 1365 4438 sicut
1387 4387 1497 4455 supra
1519 4369 1667 4455 legitur,
1692 4367 1867 4471 securiter
1889 4367 2013 4436 amodo
2037 4372 2073 4436 et
2096 4388 2235 4457 semper
2258 4390 2342 4458 pars
2365 4390 2448 4458 par·

591 4519 682 4587 tium
705 4539 768 4588 nos
791 4524 827 4588 et
850 4524 987 4590 nostros
1009 4523 1159 4590 heredes
1183 4525 1298 4591 sortes
1321 4522 1410 4612 ipse,
1436 4524 1593 4611 qualiter
1615 4523 1777 4610 superius
1800 4523 1946 4608 legitur,
1972 4522 2054 4591 illas
2078 4525 2246 4592 abeamus
2269 4527 2306 4592 et
2329 4525 2453 4594 facia·

598 4693 676 4741 mus
700 4675 940 4762 unusquisque
963 4675 1087 4743 desua
1109 4677 1206 4744 sorte
1228 4676 1351 4746 omnia
1375 4678 1469 4763 quod
1492 4678 1657 4756 voluerit,
1675 4698 1756 4746 cum
1773 4677 1849 4746 bice
1872 4677 1998 4746 deviis
2021 4678 2107 4746 suis.
2133 4677 2226 4747 unde
2249 4678 2288 4746 in
2310 4697 2351 4746 eo
2369 4679 2453 4746 hor-

595 4825 678 4894 dine
699 4847 764 4916 per
787 4829 1036 4899 conbenientia
1058 4832 1198 4917 guadia¹
1217 4831 1328 4900 michi
1351 4831 1427 4918 ipse
1451 4834 1507 4900 leo
1528 4851 1722 4919 germanus
1746 4837 1851 4900 'meus
1874 4830 1982 4909 dedi,
2022 4834 2058 4899 01
2081 4830 2312 4900 mediatorem
2336 4832 2448 4900 michi

595 4980 713 5068 posuit
735 5000 817 5049 urso
839 4983 1054 5053 elmanensis
1076 4985 1172 5076 filius
1195 4985 1374 5072 quondam
1398 4985 1546 5054 iohanni
1568 4984 1611 5053 de
1627 4986 1790 5061 mastalo
1808 4988 1845 5053 et
1866 5005 1931 5074 per
1953 4985 2067 5074 ipsam
2082 4987 2251 5073 guadiam
2274 4987 2451 5074 obligavit

590 5151 632 5202 30
654 5133 692 5200 01
713 5152 793 5202 suos
817 5134 940 5204 eredes
962 5137 1059 5206 omni
1083 5139 1245 5224 tempore
1269 5155 1409 5206 mecum
1431 5141 1469 5206 et
1491 5159 1571 5207 cum
1595 5139 1683 5207 meis
1705 5139 1870 5208 eredibus
1885 5141 2165 5227 permanendum
2187 5142 2227 5211 in
2248 5141 2447 5230 suprascri-

598 5288 661 5372 pta
683 5285 867 5364 divisione,
892 5291 929 5356 et
950 5308 1015 5376 per
1038 5289 1147 5358 nullis
1170 5289 1283 5358 modis
1310 5295 1466 5378 querant
1488 5291 1593 5359 sortis
1615 5291 1691 5379 ipse
1714 5311 1896 5360 removere
1918 5297 1982 5362 aut
2005 5298 2183 5374 contrare3
2208 5297 2298 5365 0131
2322 5296 2447 5365 taliter

601 5437 639 5505 in
662 5441 906 5528 suprascripta
928 5441 1101 5510 divisione
1124 5463 1263 5512 mecum
1287 5446 1427 5514 etcum
1461 5447 1550 5514 meis
1573 5447 1737 5516 eredibus
1760 5447 1824 5515 ille
1857 5451 1894 5516 01
1915 5467 1996 5518 suos
2025 5449 2151 5519 eredes
2184 5451 2335 5518 firmiter
2372 5471 2443 5522 non

603 5593 877 5677 permanserint,
902 5597 939 5664 01
960 5595 1004 5664 (10
1026 5597 1271 5684 suprascripta
1295 5599 1353 5665 vel
1376 5617 1422 5666 ex
1445 5600 1497 5667 013
1519 5600 1711 5689 quicquam
1734 5620 1916 5670 removere
1933 5605 2003 5670 aut
2016 5603 2261 5672 contradicere
2284 5623 2446 5692 presum-

599 5745 762 5831 pserint,
790 5763 862 5836 ‘per
884 5748 1133 5818 conuenientia
1156 5767 1221 5836 per
1243 5751 1325 5836 ipsa
1349 5751 1485 5838 guadia
1506 5755 1683 5844 obligavit
1697 5775 1741 5824 Ι30
1762 5755 1840 5845 ipse
1867 5761 1927 5828 leo
1949 5777 2144 5846 germanus
2175 5779 2274 5829 meus
2305 5765 2343 5829 et
2363 5779 2445 5831 suos
