5452 7108
1051 517 1453 594 lthLObld'l'lCUS
2064 515 2126 596 ’19

319 715 358 778 et
380 708 590 782 intrinsecus
613 707 715 789 casis,
741 715 900 788 arbusta,
927 713 1139 792 castanieta,
1165 715 1354 802 quertieta,
1379 714 1514 801 campis
1536 715 1573 782 et
1595 709 1719 794 silbis,
1745 711 1780 782 in
1805 718 1984 784 montibus
2009 737 2116 803 quam
2139 720 2178 785 et

320 865 358 931 in
381 861 515 950 planis,
541 886 622 934 cum
645 865 724 932 linis
747 869 784 932 et
807 863 874 933 biis
897 861 996 952 suis,
1022 863 1064 932 de
1087 863 1215 936 stabile
1238 871 1300 936 het
1322 870 1366 939 de
1390 865 1542 946 mobile,
1567 869 1610 936 de
1633 868 1753 936 omnia
1775 871 1811 935 et
1833 865 1868 934 in
1890 866 2080 948 omnibus,
2106 889 2175 960 quc

322 1021 421 1086 modo
446 1023 546 1107 abeo,
567 1021 623 1086 vel
646 1020 739 1107 quod
762 1021 929 1088 inantea
951 1039 1082 1107 parare
1106 1027 1169 1090 aut
1184 1021 1396 1110 conquidere
1420 1023 1647 1110 potuerimus,
1665 1041 1727 1090 seu
1752 1024 1843 1110 quod
1867 1027 1922 1091 est
1943 1028 2097 1109 paterna
2109 1047 2180 1092 ma-

321 1177 495 1264 ternaque
518 1171 724 1253 substantia,
751 1177 784 1242 et
807 1194 876 1262 que
899 1177 1039 1261 legibus
1063 1177 1152 1245 milri
1176 1179 1286 1246 fuerit
1308 1181 1345 1245 et
1367 1181 1421 1246 est
1444 1177 1664 1264 pertinentes
1688 1180 1807 1265 abere,
1837 1178 1880 1244 dc
1905 1179 2017 1246 totum
2041 1175 2104 1244 tibi
2129 1179 2176 1246 sit

323 1331 502 1398 nominate
526 1331 630 1398 uxori
654 1347 729 1396 mee
753 1333 919 1419 quartam
943 1333 1081 1420 partem
1105 1329 1168 1400 tibi
1186 1329 1342 1410 tradidit,
1356 1351 1435 1402 eam
1460 1335 1649 1412 rationem,
1668 1336 1708 1401 ut
1730 1337 1772 1402 ab
1784 1333 1969 1402 odiernum
1985 1335 2042 1402 die
2059 1315 2122 1403 het
2137 1339 2177 1403 at

322 1487 387 1550 tua
409 1503 478 1571 que
500 1503 610 1570 supra
634 1480 736 1550 uxori
760 1503 837 1552 mee
859 1485 931 1552 sint
954 1485 1149 1571 potestatis
1175 1485 1279 1554 iuxta
1302 1487 1417 1574 legem
1441 1483 1569 1554 exinde
1594 1487 1794 1555 faciendum
1816 1484 2004 1575 omniaque
2028 1485 2092 1555 tibi
2107 1491 2180 1576 pla-

326 1636 453 1706 cuerit.
479 1642 599 1728 Neque
622 1661 645 1708 a
668 1659 724 1707 me
747 1637 906 1729 superius
930 1637 1044 1710 dictus
1067 1638 1202 1728 polcari
1226 1637 1300 1709 biro
1324 1646 1398 1720 tuo,
1435 1642 1557 1730 Neque
1582 1661 1604 1710 a
1628 1643 1759 1710 nostris
1783 1643 1986 1720 heredibus,
2012 1645 2133 1732 Neque
2157 1663 2180 1710 a

327 1797 446 1864 nullus
470 1816 682 1884 quemquam
705 1797 880 1865 ominibus
903 1794 1038 1865 abeatis
1061 1794 1251 1885 aliquando
1275 1795 1396 1886 aliqua
1420 1794 1684 1885 requisitionem
1710 1801 1774 1865 aut
1796 1800 2092 1884 repreensionem,
2118 1802 2172 1866 set

324 1949 361 2014 in
385 1951 563 2038 perpetuis
587 1953 800 2040 temporibus
822 1970 947 2019 securo
970 1949 1108 2019 nomine
1133 1969 1191 2020 eos
1215 1955 1322 2020 abere
1346 1954 1408 2019 het
1430 1951 1617 2038 possidere·
1634 1953 1798 2030 baleatis3
1818 1953 1908 2041 quod
1932 1973 2015 2020 vero
2038 1953 2177 2020 firmum

324 2101 495 2188 scriptum
518 2105 727 2190 morgincap
750 2105 788 2172 in
811 2125 851 2172 eo
875 2105 1021 2173 hordine
1045 2106 1253 2192 perpetuum
1276 2107 1415 2206 firmum
1439 2108 1662 2192 permaneat.
1687 2107 1797 2184 Quam
1821 2108 1855 2173 te
1871 2107 1994 2193 petrus
2018 2109 2182 2192 protono-

325 2257 440 2326 tarius
463 2258 617 2326 scribere
641 2258 860 2344 rogabimus
884 2262 1004 2327 actum
1028 2259 1106 2326 uius
1130 2259 1287 2326 nucerio.

376 2411 403 2501 †
427 2416 500 2499 Ego
525 2415 586 2499 qui
610 2432 721 2500 supra
744 2412 905 2481 ademari
929 2412 1035 2480 iudex

369 2565 396 2654 †
421 2570 494 2670 ligo
519 2567 734 2635 romoaldus.

1040 2819 1446 2832 m

1100 3075 1389 3157 MLXVIII

1106 3321 1166 3396 A.
1192 3319 1250 3394 D.
1278 3319 1401 3394 1046

371 3486 398 3576 †
422 3489 460 3554 ln
483 3487 626 3555 nomine
649 3488 783 3556 domini
807 3489 972 3556 vicesimo
996 3507 1087 3555 nono
1111 3507 1214 3559 anno¹
1227 3489 1451 3576 principatus
1474 3487 1605 3556 salerni
1630 3487 1750 3554 domni
1775 3488 1888 3556 nostri
1903 3489 2086 3556 Guaimari
2110 3490 2186 3574 glo

327 3639 412 3707 riosi
436 3641 618 3728 principie,
644 3646 680 3708 et
702 3645 829 3710 octabo
852 3659 947 3710 anuo
969 3642 1188 3731 principatus
1213 3643 1289 3709 eius
1313 3661 1426 3730 capue
1449 3645 1486 3709 et
1508 3643 1657 3710 ducatus
1681 3643 1781 3710 illius
1804 3645 1952 3722 amaltl,
1976 3645 2013 3710 et
2035 3645 2186 3731 septimo

326 3813 419 3860 anno
443 3795 591 3862 ducatus
614 3795 712 3861 illius
735 3796 909 3872 sirrenti‚
946 3798 983 3863 et
1005 3795 1127 3884 quinto
1151 3814 1246 3864 anno
1267 3797 1591 3882 suprascriptorum
1615 3795 1882 3882 principatuum
1916 3799 1952 3863 et
1986 3796 2180 3865 ducatuum

328 3937 455 4016 domni
469 3949 587 4035 gisolfi
611 3956 647 4017 et
668 3950 749 4016 duci
772 3951 824 4017 ffli
847 3951 923 4020 eius
947 3951 1100 4020 eximius
1123 3953 1309 4038 princeps,
1335 3953 1372 4019 et
1395 3952 1521 4038 quarto
1545 3966 1640 4017 anno
1663 3949 1813 4016 ducatus
1837 3949 1981 4016 illorum
2004 3951 2124 4038 apulie
2148 3953 2185 4018 et
2295 3999 2296 4003 η

325 4104 496 4183 calabrie,
522 4123 643 4172 nrerrse
666 4109 869 4184 nobember,
896 4108 1159 4196 quintadecima
1174 4106 1381 4174 indictione.
1401 4109 1472 4193 Ego
1500 4152 1885 4172 ............
1910 4105 1949 4171 in
1972 4106 2184 4173 monasterio

263 4227 267 4238 Ι
325 4263 450 4326 sancte
473 4231 555 4326 solie
578 4260 622 4326 de
646 4260 740 4327 intus
764 4279 831 4328 auc
855 4263 951 4330 cibes
980 4313 1209 4330 .......
1215 4207 1247 4329 Ι.
1285 4280 1349 4347 per
1372 4259 1671 4328 combenientiam
1693 4262 1731 4326 et
1752 4278 1818 4346 per
1840 4258 2042 4327 iuxsionem
2065 4261 2184 4358 domni
2294 4253 2297 4260 ’

318 4406 496 4482 ‘iohannis
519 4415 734 4482 venerabilis
758 4419 868 4512 abbas
895 4467 1126 4485 .......
1152 4414 1285 4521 tradidi
1309 4413 1355 4482 ad
1376 4413 1568 4480 tenendum
1592 4415 1629 4480 et
1651 4413 1878 4481 residendum
1912 4415 2086 4483 teofilacto
2109 4415 2184 4482 filio

308 4570 507 4655 vquondam
530 4570 635 4637 basili
659 4570 759 4656 greci
783 4590 893 4638 unum
916 4571 1068 4657 aplitum
1092 4569 1282 4637 fravvitum
1306 4569 1500 4636 soloratum
1522 4513 1566 4635 de
1589 4567 1686 4636 intus
1710 4569 1804 4636 hanc
1827 4569 1923 4636 cibes
1945 4569 2185 4655 pertinentem

328 4722 487 4809 predicto
503 4722 724 4790 'Monasterio
747 4725 871 4791 subtus
893 4725 1024 4810 platea,
1050 4743 1118 4813 que
1142 4722 1274 4792 dicitur
1297 4722 1397 4800 elini;
1415 4723 1478 4790 tali
1501 4718 1634 4802 ordine,
1652 4725 1692 4789 ut
1706 4721 1832 4823 amodo
1856 4724 1893 4789 et
1917 4741 2028 4810 usque
2053 4723 2187 4808 biginti

319 4881 451 4946 nobem
474 4877 561 4944 anni
584 4878 747 4965 completi
770 4878 888 4946 licead
912 4877 1011 4945 illum
1034 4880 1071 4945 et
1094 4879 1170 4946 eius
1194 4878 1343 4946 heredes
1366 4878 1466 4946 fobee
1489 4879 1526 4944 et
1540 4877 1654 4946 omnis
1677 4896 1740 4944 sue
1763 4877 1922 4944 utilitate
1946 4875 2051 4944 iuxta
2074 4877 2187 4944 ratio-

328 5050 408 5098 nem
431 5031 479 5098 ibi
502 5031 621 5099 facere
644 5035 768 5118 suptus
791 5052 814 5099 a
837 5035 934 5100 terra
956 5036 993 5100 et
1015 5032 1053 5099 in
1076 5033 1202 5110 altum,
1220 5034 1256 5098 et
1280 5033 1328 5099 ibi
1352 5031 1509 5100 residere
1533 5035 1569 5098 et
1591 5033 1728 5110 tenere,
1745 5034 1782 5098 et
1804 5031 1939 5098 omines
1963 5031 2009 5099 ad
2033 5028 2188 5099 residen-

336 5185 420 5253 dum
442 5183 491 5251 ibi
515 5184 714 5260 micterent,
732 5187 768 5251 et
790 5184 872 5252 dedi
894 5183 957 5250 ille
981 5184 1080 5252 modo
1103 5185 1260 5274 predicto
1282 5182 1403 5251 domni
1426 5153 1545 5250 abbati
1567 5182 1698 5250 exinde
1714 5201 1859 5250 censum
1883 5181 1927 5249 de
1942 5184 2186 5270 suprascripta

327 5337 540 5406 tradictionc
556 5337 685 5424 biginti
701 5339 779 5407 auri
794 5337 866 5405 tari
889 5337 984 5418 boni;
1010 5337 1104 5404 etde
1120 5337 1285 5423 completi
1309 5339 1448 5424 septem
1471 5337 1570 5416 anni,
1595 5339 1636 5404 ut
1651 5336 1775 5404 amodo
1790 5353 1828 5404 se
1844 5338 2043 5424 compleant
2058 5337 2188 5404 abinde

328 5493 366 5561 in
389 5496 498 5560 antea
520 5510 746 5580 peromnem
769 5512 903 5560 annum
927 5511 1039 5578 usque
1061 5492 1137 5578 ipso
1161 5485 1392 5574 constitutum
1415 5491 1478 5558 ille
1501 5493 1559 5560 vel
1583 5492 1660 5560 eius
1683 5491 1831 5558 heredes
1859 5543 1866 5558 .
1896 5543 1903 5558 .
2007 5543 2014 5558 .
2045 5491 2084 5557 in
2107 5510 2190 5578 par-

331 5646 425 5714 tibus
448 5646 601 5734 predicti
626 5647 739 5714 nostri
761 5645 966 5714 monasterii
989 5645 1118 5713 exinde
1141 5664 1287 5723 censum
1311 5664 1383 5714 ana
1406 5647 1479 5713 tres
1502 5645 1584 5713 auri
1607 5645 1679 5713 tari
1703 5644 1804 5723 vorti,
1831 5645 1877 5713 ud
1900 5664 1965 5732 per
1989 5648 2097 5730 caput
2118 5643 2190 5711 sint

334 5799 438 5868 iunta
461 5801 604 5868 hadent}
640 5801 694 5868 Ad
717 5799 785 5888 ipsi
809 5800 939 5888 biginti
961 5803 1084 5868 nobem
1108 5799 1194 5867 anni
1217 5776 1384 5886 completi
1406 5799 1469 5867 ille
1492 5800 1550 5867 vel
1572 5798 1649 5866 eius
1673 5794 1821 5867 heredes
1856 5801 1930 5866 tota
1953 5800 2190 5888 suprascripta
