5452 7108
1282 485 1458 561 cobux
1488 484 1746 560 cavensis

1393 886 1636 978 MXCVI

1366 1262 1425 1338 A.
1453 1258 1510 1334 D.
1539 1259 1663 1336 1047

631 1655 658 1746 †
682 1658 721 1724 ln
744 1656 886 1724 nomine
909 1657 1041 1726 domini
1065 1657 1242 1726 tricesimo
1267 1677 1362 1726 anno
1386 1658 1607 1746 principatus
1631 1656 1770 1725 Salerni
1792 1657 1912 1725 domni
1935 1655 2048 1725 nostri
2070 1654 2266 1724 Guaimarii
2289 1650 2438 1741 gloriosi

587 1811 758 1899 principis
781 1815 818 1880 et
840 1832 931 1883 nono
954 1831 1048 1881 anno
1075 1813 1227 1881 ducatus
1250 1813 1352 1881 illius
1380 1809 1521 1881 Amallls
1544 1818 1581 1881 et
1610 1813 1774 1890 Sirrenti,
1799 1815 1836 1878 et
1864 1809 2013 1899 septimo
2038 1808 2067 1894 ¹)
2090 1827 2184 1878 anno
2210 1809 2432 1897 principatus

588 1965 744 2054 ipsorum
767 1966 959 2035 ducatuum
982 1967 1102 2035 domni
1117 1967 1239 2053 gisulfi
1253 1967 1379 2035 eximii
1394 1967 1565 2055 principis
1581 1969 1618 2053 et
1631 1965 1731 2034 ducis
1745 1965 1841 2034 filius
1856 1965 1944 2042 eius,
1962 1983 2080 2032 mense
2096 1967 2297 2044 nobember,
2314 1965 2438 2051 prima

589 2121 793 2192 indictione.
827 2122 1115 2191 Memoratorium
1139 2125 1273 2190 sactum
1298 2141 1321 2189 a
1344 2122 1444 2191 nobis
1467 2123 1639 2190 iohannes
1662 2125 1699 2191 et
1720 2121 1831 2208 sergii
1853 2121 2017 2208 germani
2048 2121 2112 2190 fflii
2135 2120 2312 2209 quondam
2335 2139 2438 2188 man-

588 2275 689 2353 soni,
714 2279 751 2344 et
774 2295 879 2354 urso,
904 2277 976 2344 lllio
1000 2278 1177 2365 quondam
1200 2277 1349 2345 iohanni
1376 2277 1420 2344 de
1445 2280 1619 2355 mastalo,
1644 2280 1681 2345 et
1703 2279 1758 2345 leo
1781 2281 1818 2344 et
1840 2296 1962 2344 manso
1984 2274 2147 2363 germani
2169 2275 2235 2345 filii
2257 2273 2435 2362 quondam

589 2431 793 2510 mansonis,
818 2435 855 2499 et
876 2433 979 2500 disiio
1006 2433 1080 2501 illio
1117 2433 1295 2521 quondam
1319 2433 1454 2520 sergii,
1480 2433 1540 2520 qui
1564 2433 1680 2502 dictus
1707 2438 1761 2502 est
1783 2432 1978 2509 tarudulu,
2004 2437 2040 2498 et
2062 2449 2182 2499 sumus
2206 2429 2430 2498 atrianenses

592 2603 633 2652 eo
656 2587 748 2674 quod
771 2591 855 2656 ante
878 2588 1088 2677 subscriptis
1111 2589 1247 2658 idoneis
1264 2589 1465 2658 hominibus
1488 2607 1550 2676 per
1572 2561 1869 2656 combenientiam
1894 2585 2104 2654 tradidimus
2120 2589 2220 2672 petro
2236 2584 2435 2671 presbitero

590 2740 662 2807 illio
685 2741 861 2830 quondam
885 2742 1035 2810 iohanni
1058 2745 1268 2831 presbiteri3
1306 2747 1428 2811 tamen
1450 2763 1517 2829 ego
1540 2742 1743 2810 nominatus
1765 2741 1871 2809 disiiu
1895 2740 1973 2809 bice
1996 2759 2076 2808 mea
2098 2742 2135 2807 et
2157 2758 2220 2826 pro
2246 2737 2320 2806 bice
2343 2756 2436 2804 anne

591 2899 773 2982 congnata
796 2915 874 2964 mea
909 2897 1037 2965 relicta
1060 2898 1238 2986 quondam
1263 2895 1408 2976 ursoni,
1434 2897 1495 2986 qui
1519 2899 1588 2968 suit
1609 2873 1742 2984 genero
1765 2917 1887 2974 meus,
1912 2895 2062 2965 ecclesia
2086 2895 2296 2962 bocabulum
2319 2894 2441 2962 sancti

596 3049 771 3126 iohannis,
797 3068 866 3138 que
889 3054 1095 3119 constructa
1118 3053 1172 3118 est
1194 3051 1232 3119 in
1256 3053 1365 3119 rebus
1381 3055 1503 3120 nostra
1519 3053 1556 3121 in
1571 3053 1646 3121 loco
1663 3051 1788 3129 beteri,
1806 3071 1913 3139 quam
1937 3053 1974 3117 et
1989 3047 2199 3119 tradidimus
2214 3050 2328 3118 eidem
2345 3051 2439 3136 petri

594 3203 781 3288 presbiteri
804 3221 913 3270 causa
936 3203 1085 3272 mobilia
1107 3203 1310 3292 pertinente
1334 3205 1444 3293 ipsius
1467 3206 1685 3284 ecclesiane
1708 3205 1824 3275 estin
1848 3205 1972 3294 primis
1994 3205 2086 3273 liber
2102 3205 2229 3273 comite
2252 3207 2340 3272 anni
2366 3203 2443 3270 cir-

578 3359 677 3434 culi,
704 3377 813 3427 unum
837 3359 1074 3447 psalterium,
1098 3360 1341 3439 Quaterniarii
1364 3362 1426 3429 dui
1449 3361 1576 3430 maiori
1599 3363 1743 3450 scripti,
1770 3363 1915 3449 planeta
1937 3362 2033 3429 linea
2054 3364 2184 3429 ornata
2209 3361 2325 3428 alricu
2349 3379 2433 3434 una,

594 3513 670 3580 alia
693 3515 840 3600 planeta
862 3511 960 3581 linea
982 3531 1061 3580 oum
1086 3513 1270 3591 ammictu,
1294 3515 1387 3583 orali
1411 3515 1485 3594 dui,
1510 3517 1651 3584 curtine
1673 3517 1716 3584 de
1740 3516 1817 3586 linu
1840 3516 1931 3593 due,
1957 3515 2106 3603 pannuli
2129 3515 2172 3582 de
2195 3513 2301 3582 siriou
2330 3519 2442 3600 septe,

599 3668 738 3736 sextaci
763 3686 845 3737 una.
871 3669 1016 3736 marulo
1040 3687 1124 3747 una,
1150 3670 1270 3737 rotulu
1293 3669 1339 3737 ad
1366 3669 1606 3737 benedicendu
1629 3675 1783 3748 cereum',
1810 3672 1909 3738 becte
1932 3671 2050 3738 serreu
2075 3687 2160 3747 unu,
2185 3667 2305 3736 calece
2328 3671 2364 3736 et
2381 3687 2448 3756 pa·

600 3829 695 3901 tena,
722 3823 919 3892 turibulum
942 3843 1064 3892 ereum
1088 3843 1214 3902 unum,
1239 3843 1415 3912 campana
1438 3843 1522 3901 una,
1548 3843 1658 3912 zappa
1682 3843 1765 3902 una,
1784 3843 1935 3892 manara
1959 3843 2042 3902 una,
2060 3825 2158 3891 ascia
2175 3843 2257 3901 una,
2275 3826 2442 3911 potaturu

597 3995 683 4055 unu,
701 3997 803 4046 serra
826 3999 910 4056 una,
928 3981 1134 4046 tractura...
1162 3997 1245 4057 una,
1263 3998 1398 4047 scannu
1423 3999 1508 4056 unu,
1527 3979 1624 4047 buoti
1648 3977 1775 4048 maiori
1799 3981 1968 4066 quattuor
1983 3982 2020 4046 et
2035 3977 2130 4046 bucti
2154 3951 2284 4048 minori
2306 3978 2387 4058 due,
2413 3983 2452 4047 et

599 4134 672 4201 tine
696 4135 776 4203 due.
803 4137 850 4202 Ec
874 4137 993 4203 autem
1017 4135 1226 4222 supradicta
1268 4137 1414 4205 mobilia
1436 4155 1516 4204 oum
1540 4137 1618 4224 ipsa
1640 4137 1791 4204 ecclesia
1823 4139 1860 4203 et
1882 4155 1963 4203 cum
1986 4137 2078 4204 casis
2100 4138 2137 4202 et
2158 4135 2282 4212 cellis,
2307 4137 2343 4201 et
2366 4153 2447 4202 cum

529 4265 539 4278 ⁸
599 4290 704 4355 rebus
727 4287 942 4374 pertinentes
968 4287 1079 4374 ipsius
1102 4289 1265 4367 ecclesie,
1291 4290 1385 4377 quod
1409 4291 1452 4358 de
1476 4292 1583 4358 antea
1606 4289 1818 4377 presbiteri,
1844 4291 1906 4378 qui
1929 4288 2008 4376 ipsa
2030 4284 2179 4356 ecclesia
2203 4292 2324 4366 tenet,
2349 4287 2449 4356 soliti

598 4445 683 4510 sunt
708 4445 829 4509 tenere
851 4442 890 4510 in
915 4443 1136 4522 beneficium,
1161 4443 1212 4512 sio
1235 4444 1399 4512 inclitum
1425 4445 1507 4512 illut
1529 4443 1640 4532 ipsius
1655 4443 1748 4532 petri
1763 4441 1952 4532 presbiteri
1968 4443 2191 4520 tradidimus,
2209 4443 2281 4510 Tali
2305 4444 2450 4546 ordine,

599 4601 639 4666 ut
661 4597 786 4666 amodo
809 4604 845 4665 et
868 4597 1006 4667 cunctis
1028 4597 1152 4668 diebus
1176 4599 1247 4668 bite
1276 4599 1387 4686 ipsius
1411 4599 1504 4686 petri
1528 4599 1716 4686 presbiteri
1740 4601 1816 4667 totu
1839 4597 1922 4666 illut
1944 4617 2006 4666 sue
2030 4599 2213 4686 potestatis
2237 4602 2389 4675 tenere,
2415 4603 2453 4667 et
2497 4683 2500 4688 Ι

601 4771 753 4839 regere,
778 4756 814 4820 et
836 4755 1060 4842 gubernare,
1085 4751 1179 4821 siout
1201 4755 1398 4832 meruerit,
1423 4757 1460 4821 et
1485 4757 1523 4821 ut
1545 4755 1676 4822 iustum
1700 4753 1828 4831 suerit3
1853 4753 1989 4840 etipsa
2012 4753 2163 4822 ecclesia
2185 4753 2242 4822 die
2265 4761 2441 4844 noctuque

599 4905 754 4972 officient
776 4909 813 4973 et
834 4907 991 4974 officiare
1014 4907 1145 4985 saciad,
1172 4908 1266 4976 sicut
1289 4907 1391 4975 decet
1413 4908 1588 4996 presbiter
1611 4907 1784 4986 villanos3
1810 4911 1847 4974 et
1868 4907 1982 4975 omnis
2006 4910 2088 4976 bota
2111 4911 2147 4975 et
2161 4909 2359 4996 sepultura,
2378 4927 2449 4998 que

603 5059 641 5126 in
665 5061 742 5148 ipsa
765 5061 916 5129 ecclesia
931 5061 1132 5141 intraberit,
1152 5066 1265 5131 totum
1280 5063 1326 5130 sit
1349 5082 1412 5130 sue
1427 5062 1624 5149 potestatis,
1642 5061 1839 5130 laciendum
1856 5055 1986 5130 exinde
2002 5063 2093 5150 quod
2109 5063 2273 5131 boluerit.
2299 5065 2450 5134 'lantum

601 5214 632 5280 si
647 5211 686 5281 in
698 5211 774 5300 ipsa
789 5215 938 5283 ecclesia
954 5215 1145 5285 intraberit
1159 5216 1333 5288 animalia
1350 5217 1445 5294 biba,
1463 5221 1527 5284 aut
1543 5220 1659 5295 rebus,
1677 5219 1741 5286 aut
1756 5219 1864 5287 talem
1880 5235 2034 5294 causam,
2052 5235 2121 5304 que
2135 5217 2181 5285 ad
2196 5221 2448 5288 ornamentum

605 5367 713 5435 suerit
735 5368 779 5436 de
802 5369 880 5455 ipsa
902 5371 1074 5448 ecclesia,
1100 5390 1240 5458 semper
1263 5371 1312 5440 sit
1347 5373 1391 5438 de
1414 5369 1492 5458 ipsa
1515 5372 1666 5441 ecclesia
1689 5373 1734 5441 ad
1759 5369 1953 5458 regendum
1987 5375 2024 5439 et
2046 5371 2321 5458 gubernandum
2353 5374 2453 5450 illut,

570 5531 578 5544 '
604 5523 696 5590 sicut
718 5527 755 5590 et
769 5523 843 5610 ipso
859 5524 962 5592 aliut.
982 5529 1026 5593 ut
1049 5527 1127 5612 ipsa
1149 5530 1256 5594 rebus
1279 5547 1348 5615 que
1372 5530 1427 5594 est
1443 5526 1649 5594 beneficium
1666 5527 1710 5595 de
1725 5525 1803 5615 ipsa
1817 5526 1982 5604 ecclesia,
2008 5530 2090 5614 apto
2109 5529 2263 5612 tempore
2282 5529 2451 5596 laborare

649 5771 671 5852 ¹)
691 5771 820 5838 Potius:
844 5781 946 5836 secto.
