5398 7106
612 441 680 512 aar
989 415 992 422 ’
1093 501 1097 508 .
1269 439 1441 512 counx
1474 440 1739 516 cuvsusvs

563 633 717 701 starnmi
740 633 848 710 dedit,
874 637 911 700 et
933 632 1179 701 fideiussorem
1203 632 1268 700 tivi
1293 636 1412 719 posuit
1433 634 1680 704 constantinus
1704 633 1930 710 atrianensiS,
1948 631 2010 720 qui
2026 633 2204 700 clamatur
2227 632 2421 700 ioncatella

564 787 742 854 etlilium
770 787 949 874 quondam
973 787 1153 864 ioannaci;
1193 791 1230 854 et
1252 805 1317 874 per
1340 788 1453 874 ipsam
1477 788 1649 876 guadiam
1671 788 1790 874 obligo
1829 803 1886 869 me
1908 788 1945 853 et
1968 805 2063 853 meos
2087 787 2235 854 heredes
2273 805 2420 873 semper
2480 839 2485 850 .

563 938 758 1006 defendere
782 939 845 1006 tivi
869 940 1012 1027 tuisque
1035 941 1225 1010 heredibus
1248 941 1378 1009 inclita
1401 942 1647 1030 suprascripta
1669 959 1750 1010 moa
1772 940 2000 1018 venditione,
2034 940 2193 1028 qualiter
2215 925 2418 1026 prelegitur
2465 1033 2473 1050 ι

564 1113 647 1162 cum
671 1093 748 1160 vice
772 1095 815 1162 de
839 1093 914 1182 ipse
939 1098 996 1164 vie
1020 1099 1066 1165 ab
1088 1099 1250 1166 omnibus
1272 1098 1476 1166 bominibus
1498 1099 1536 1164 et
1557 1096 1733 1186 partibus.
1758 1098 1803 1163 Et
1818 1095 1959 1182 quando
1983 1098 2022 1162 tu
2045 1095 2236 1163 iamdictus
2251 1095 2416 1162 constan.-

563 1247 662 1318 tinus
684 1259 720 1318 et
744 1249 800 1318 tui
823 1250 971 1316 heredes
994 1251 1038 1318 de
1060 1249 1309 1336 suprascripta
1332 1269 1412 1317 mea
1435 1251 1640 1320 venditione
1663 1253 1805 1318 autores
1828 1253 1866 1316 et
1887 1249 2089 1316 defensores
2111 1266 2187 1316 esse
2211 1247 2415 1323 bolueritis,

570 1403 648 1470 vice
673 1406 797 1472 nostra
819 1405 1006 1472 licentiam
1029 1409 1067 1472 et
1089 1407 1301 1491 potestatem
1337 1405 1501 1471 habeatis
1524 1405 1562 1472 in
1585 1403 1749 1472 omnibus
1782 1401 1865 1470 inde
1888 1419 2038 1470 causare
2071 1404 2108 1469 et
2140 1401 2247 1468 finem
2281 1402 2414 1478 lacere,

566 1559 726 1646 qualiter
750 1559 939 1628 volueritis
962 1579 1043 1626 curn
1069 1560 1140 1626 ista
1163 1559 1318 1634 cartula,
1337 1561 1375 1624 et
1395 1577 1476 1627 cum
1500 1558 1607 1645 quale
1630 1556 1705 1626 alia
1728 1555 1910 1624 monimen
1933 1557 1968 1621 et
1991 1555 2131 1622 ratione
2154 1555 2285 1632 exinde
2307 1557 2417 1623 abue-

566 1711 649 1779 ritis
672 1714 710 1778 et
732 1711 920 1780 ostendere
944 1712 1142 1781 nolueritis
1169 1714 1271 1788 Nam,
1297 1713 1439 1798 quando
1463 1716 1578 1780 meet
1602 1731 1697 1780 meos
1719 1710 1896 1788 heredes,
1921 1713 1961 1778 tu
1984 1713 2021 1778 at
2044 1710 2098 1776 tui
2121 1709 2271 1778 heredes
2293 1711 2337 1778 de
2359 1730 2417 1778 su·

567 1865 773 1952 prescripta
795 1884 876 1932 mea
901 1864 1104 1934 venditione
1128 1868 1273 1932 autores
1296 1869 1333 1932 et
1355 1865 1558 1933 defensores
1581 1867 1715 1934 habere
1740 1865 1957 1952 quesieritis,
1998 1867 2072 1952 Ego
2095 1867 2216 1932 autem
2250 1867 2287 1932 et
2321 1882 2416 1930 meos

568 2019 720 2086 heredes
745 2019 828 2085 illut
851 2017 950 2086 vobis
974 2018 1197 2087 defensemus
1220 2018 1267 2084 da
1289 2037 1412 2086 omnes
1434 2018 1607 2096 homineS,
1632 2019 1726 2086 sicut
1747 2037 1857 2105 supra
1879 2019 2028 2104 legitur;
2054 2020 2090 2084 et
2112 2017 2170 2095 si,
2194 2018 2287 2085 sicut
2310 2036 2414 2103 supe-

573 2173 650 2239 rius
673 2173 846 2257 scriptum
871 2173 937 2248 est,
963 2191 1029 2258 ego
1053 2173 1090 2238 et
1112 2190 1208 2238 meos
1230 2173 1392 2250 heredes,
1418 2173 1484 2240 tivi
1508 2172 1650 2261 tuisque
1672 2173 1861 2241 heredibus
1885 2192 1955 2241 non
1977 2173 2292 2249 defensaverimus,
2310 2175 2347 2238 et
2361 2190 2421 2239 su-

567 2323 770 2426 prescripta
792 2327 849 2390 vel
874 2343 920 2391 ex
944 2325 996 2392 eis
1019 2325 1209 2412 quicquam
1233 2328 1417 2392 remobere
1440 2327 1504 2392 aut
1526 2325 1773 2394 contradicere
1788 2326 2098 2413 presumserimus,
2115 2344 2179 2413 per
2202 2327 2415 2394 convenien-

562 2479 628 2555 tia,
655 2499 719 2565 per
743 2478 859 2566 ipsam
882 2479 1081 2565 guadiam,
1118 2479 1238 2564 obligo
1263 2499 1318 2546 me
1344 2478 1512 2546 iamdicto
1537 2479 1654 2546 lodari
1677 2481 1715 2545 et
1737 2463 1807 2546 rhei
1831 2477 1979 2544 heredes
2001 2495 2213 2564 componere
2236 2475 2304 2542 tivi
2326 2476 2417 2544 iam-

571 2629 665 2698 dicto
689 2632 914 2700 constantino
936 2633 973 2698 et
995 2631 1041 2698 ad
1065 2631 1118 2697 tui
1143 2630 1303 2708 heredes,
1321 2649 1384 2696 seu
1408 2631 1467 2698 cui
1491 2633 1595 2698 carta
1618 2631 1689 2697 ista
1712 2649 1776 2716 pro
1800 2631 1924 2725 nostra
1947 2633 2049 2714 parte
2072 2630 2110 2698 in
2128 2647 2274 2698 manum
2291 2647 2422 2715 parue-

566 2786 642 2862 rit,
668 2785 824 2870 triginta
848 2786 931 2854 auri
954 2785 1087 2852 solidos
1110 2781 1432 2851 constantiniauos.
1458 2786 1507 2858 et,
1533 2783 1627 2850 sicut
1648 2781 1811 2869 superius
1833 2784 2004 2869 scriptum
2029 2786 2106 2860 est,
2132 2783 2356 2870 adimplere,
2382 2785 2420 2850 et

570 2939 711 3025 questio
735 2942 772 3004 et
794 2937 956 3005 causatio
980 2939 1105 3004 nostra
1128 2937 1165 3002 et
1188 2936 1233 3002 de
1257 2935 1387 3006 nostris
1410 2935 1604 3004 heredibus
1627 2937 1799 3004 adversus
1833 2955 1897 3004 nos
1920 2939 1957 3003 et
1986 2936 2030 3002 de
2065 2935 2196 3004 nostris
2229 2935 2425 3004 heredibus

568 3093 616 3160 sit
638 3093 768 3160 exinde
792 3094 905 3160 tacita
927 3093 964 3158 et
987 3109 1114 3159 vacua.
1141 3091 1186 3156 Ei
1210 3088 1337 3156 taliter
1360 3091 1407 3156 Te
1430 3088 1604 3157 iohannes
1628 3091 1790 3158 noterius
1812 3090 1969 3158 scribere
1994 3091 2133 3176 rogavi.

613 3247 640 3337 †
664 3249 737 3334 Ego
759 3249 942 3316 landolius
966 3245 1130 3316 notarius
1154 3264 1211 3312 me
1234 3242 1444 3330 subscripsi.

615 3400 642 3492 †
667 3403 740 3488 Ego
764 3403 937 3471 iohannes
960 3403 1125 3472 notarius
1147 3421 1203 3469 me
1226 3399 1434 3487 subscripsi.

1358 3655 1636 3671 m

1388 3813 1591 3895 MGCV

1331 4057 1633 4134 n.n.1054
1770 4153 1772 4158 ¹

618 4287 644 4377 †
668 4291 704 4354 lu
728 4287 871 4354 nomine
895 4287 1029 4355 domini
1053 4287 1299 4356 tertiodecimo
1323 4307 1417 4356 anno
1440 4289 1665 4385 principatus
1688 4289 1809 4358 domni
1832 4288 1946 4356 nostri
1969 4289 2089 4375 gisulfi
2111 4287 2260 4376 gloriosi
2284 4287 2425 4374 princi-

572 4439 640 4526 pis,
667 4459 788 4507 mense
811 4439 933 4518 iulius,
951 4441 1105 4527 septima
1128 4437 1333 4508 indictione.
1359 4444 1650 4510 memoratorium
1674 4443 1807 4510 lactum
1831 4461 1854 4510 a
1876 4459 1933 4509 me
1957 4441 2179 4527 grimoaldus
2201 4441 2368 4509 sacerdos
2383 4445 2427 4508 et

573 4593 670 4660 iilius
695 4595 873 4680 quondam
897 4593 1115 4680 grimoaldi,
1154 4613 1195 4662 eo
1219 4596 1312 4682 quod
1335 4598 1421 4662 ante
1443 4597 1638 4682 subscripti
1663 4596 1805 4664 idoneos
1828 4595 1987 4666 homines
2011 4615 2075 4682 per
2098 4597 2349 4664 convenientia
2373 4598 2424 4665 ad

573 4748 782 4825 tenendum,
807 4751 844 4816 et
866 4749 1083 4836 regendum,
1109 4753 1146 4815 et
1167 4749 1396 4817 officiandum
1421 4749 1648 4817 tradiderunt
1673 4751 1759 4818 milri
1781 4751 1944 4818 desideus
1968 4754 2004 4818 et
2027 4751 2222 4826 iohannes,
2249 4751 2428 4837 quisunt

576 4901 741 4988 germani
764 4903 802 4968 et
824 4900 971 4967 comites
994 4900 1123 4986 palatii
1146 4901 1211 4968 dlii
1235 4901 1413 4986 quondam
1439 4901 1607 4989 iaquinti,
1633 4903 1694 4990 qui
1718 4904 1787 4972 suit
1809 4923 1927 4974 comes
1951 4903 2098 4990 palatii,
2123 4924 2188 4992 pro
2211 4907 2315 4990 parte
2338 4906 2427 4974 illo-

576 5073 656 5141 rum
679 5057 716 5122 ct
737 5074 802 5140 pro
825 5058 925 5142 parte
947 5056 991 5122 de
1015 5055 1196 5123 infantulu
1221 5057 1364 5123 nomine
1387 5057 1536 5152 alferius
1558 5059 1653 5125 lilius
1677 5059 1854 5145 quondam
1879 5059 2025 5126 landoni
2059 5059 2199 5127 comitis
2224 5061 2338 5128 thium
2363 5079 2429 5130 co·

574 5227 668 5286 rum,
686 5211 723 5275 et
744 5228 807 5295 pro
830 5213 933 5295 parte
957 5211 1104 5278 landoni
1127 5211 1194 5278 lilii
1219 5212 1397 5298 quondam
1421 5211 1555 5280 desidei
1579 5211 1730 5288 comitis,
1748 5211 1873 5280 inclita
1895 5211 2047 5280 ecclesia
2070 5211 2213 5281 illorum
2236 5215 2426 5300 pertinen·

574 5359 646 5426 tem
670 5359 876 5427 bocabolum
901 5365 1025 5430 sancte
1048 5362 1105 5430 dei
1128 5363 1315 5449 genitricis
1338 5383 1549 5452 semperque
1572 5366 1730 5453 virginis.
1747 5367 1862 5434 marie
1884 5371 1921 5434 et
1943 5367 2059 5434 sancti
2083 5367 2225 5446 nicolai,
2250 5369 2425 5455 quesita

575 5512 630 5578 est
650 5510 848 5598 propinquo
871 5511 977 5578 dubio
999 5512 1087 5580 siler
1108 5513 1147 5581 in
1172 5517 1277 5582 rebus
1300 5515 1460 5594 illorum,
1478 5517 1538 5584 ubi
1563 5518 1775 5585 mercatellu
1798 5517 1943 5586 dicitur.
1970 5517 2049 5586 Ideo
2073 5519 2200 5586 inclita
2215 5518 2294 5608 ipsa
2308 5523 2434 5588 eccle-

574 5661 630 5732 sia
652 5683 733 5732 cum
757 5664 912 5752 porticu,
937 5668 975 5734 et
998 5686 1082 5742 casa
1104 5671 1142 5736 et
1165 5669 1308 5748 redita,
1334 5689 1404 5758 que
1427 5670 1478 5740 ibi
1499 5676 1611 5750 sunt,
1640 5675 1780 5740 etcum
1803 5674 1924 5741 omnia
1946 5691 2056 5742 causa
2079 5675 2282 5760 pertinente
2306 5673 2431 5759 ipsius
