5452 7108
608 525 652 598 36
1258 521 1432 594 CODEX
1465 523 1731 598 cnvbnsls

554 723 609 788 est
632 740 696 808 per
719 740 915 798 mensuras,
942 739 1010 807 que
1035 723 1090 787 est
1112 720 1191 808 ipsa
1214 723 1312 788 terra
1335 741 1399 809 per
1421 721 1646 808 longitudine
1669 723 1775 810 pedes
1797 718 1942 786 sidecim
1966 723 2003 786 et
2024 721 2208 790 summisse
2233 741 2355 799 unum,
2374 725 2411 788 et

557 893 622 960 per
644 873 835 940 latitudine
858 873 897 940 in
920 873 1017 940 omni
1040 875 1144 960 parte
1167 873 1273 960 pedes
1296 873 1417 942 deceno
1440 877 1477 942 11
1499 875 1684 943 summisse
1700 895 1810 944 unum
1833 876 1878 943 ad
1894 876 1998 944 iuxta
2013 894 2160 944 manum
2182 875 2294 944 omini
2317 895 2414 944 men-

552 1029 741 1103 suratum,
782 1029 819 1093 et
841 1028 1053 1113 potestatem
1076 1025 1214 1094 abeatis
1238 1025 1320 1092 inde
1343 1026 1534 1113 ingredere
1558 1033 1595 1097 et
1618 1030 1808 1117 regredere
1831 1049 1910 1098 cum
1934 1049 2057 1097 carros
2088 1031 2125 1096 et
2149 1032 2253 1096 vobes
2276 1030 2312 1094 et
2335 1048 2416 1095 cunr

551 1182 647 1249 omni
671 1184 791 1248 vestra
816 1180 1067 1268 congruitatis,
1093 1184 1130 1248 11
1153 1199 1225 1249 una
1247 1181 1351 1268 pecie
1373 1181 1417 1248 de
1440 1184 1541 1251 terra
1563 1203 1644 1258 cum
1666 1185 1783 1252 ortale
1805 1185 2003 1272 propinquo
2027 1186 2128 1250 turre
2151 1182 2415 1270 medicumque

549 1335 596 1404 da
619 1339 722 1423 parte
745 1336 894 1404 orientis
911 1336 1106 1404 coniuncta
1129 1339 1184 1404 est
1207 1336 1252 1404 11
1275 1337 1345 1406 fine
1369 1337 1430 1405 via
1453 1337 1614 1423 plubica,
1632 1339 1670 1406 in
1687 1357 1759 1426 qua
1781 1339 1883 1407 modo
1906 1343 1960 1406 est
1976 1337 2203 1406 residendum
2218 1341 2274 1406 leo
2289 1355 2419 1424 grecus

550 1491 711 1578 zangari.
738 1493 777 1558 ln
801 1511 869 1594 quo
893 1491 982 1560 mihi
1007 1492 1138 1559 ibidem
1161 1493 1320 1579 pertinet
1342 1492 1582 1570 medietatem,
1600 1495 1637 1560 et
1660 1491 1735 1560 alia
1749 1492 1940 1560 medietate
1962 1495 2017 1560 est
2031 1494 2251 1580 pertinentes
2274 1494 2320 1562 ad
2335 1455 2416 1562 con-

553 1643 707 1712 sortibus
729 1645 829 1722 meis,
855 1645 957 1712 etde
981 1645 1059 1732 ipsa
1082 1645 1286 1733 medietate,
1303 1645 1395 1733 quod
1419 1647 1474 1712 est
1497 1664 1577 1714 mea
1598 1647 1721 1722 sortio,
1736 1647 1873 1712 nullam
1896 1645 1979 1712 inde
2003 1645 2112 1714 michi
2129 1646 2328 1714 reserbabit
2343 1665 2416 1714 sor-

550 1801 711 1879 tionem,
736 1803 773 1870 et
795 1801 929 1869 duobus
953 1822 1034 1869 cum
1059 1802 1276 1869 abellanieto
1299 1804 1337 1868 et
1358 1803 1504 1868 arbusto
1527 1799 1565 1867 in
1588 1801 1664 1867 loco
1689 1800 1749 1868 ubi
1772 1799 1904 1868 dicitur
1926 1801 2115 1881 lavinata,
2153 1821 2221 1890 que
2245 1801 2314 1868 suit
2336 1801 2415 1887 ipsa

555 1958 662 2024 rebus
685 1956 906 2044 pertinentes
929 1955 1024 2042 petri
1048 1956 1115 2022 filii
1138 1956 1288 2024 iohanni
1311 1955 1480 2032 mastali,
1505 1955 1598 2042 quod
1620 1955 1730 2023 michi
1752 1959 1807 2024 est
1828 1957 2049 2042 pertinentes
2071 1975 2136 2044 per
2158 1956 2247 2024 meis
2270 1955 2418 2024 rationi-

554 2114 631 2190 bus,
657 2111 750 2179 unde
774 2112 912 2180 nullam
936 2112 1019 2180 inde
1045 2111 1156 2178 michi
1180 2111 1380 2178 reserbabit
1401 2109 1588 2188 sortiones,
1605 2109 1697 2178 seta
1720 2107 1880 2215 funditus
1902 2109 1988 2176 illut
2009 2109 2075 2176 tibi
2099 2108 2259 2178 dedimus
2282 2111 2319 2176 et
2342 2113 2417 2176 tra-

555 2263 709 2331 didimus
732 2283 813 2330 cum
836 2265 956 2332 omnia
979 2263 1079 2331 intra
1102 2282 1171 2350 que
1194 2281 1316 2330 eorum
1339 2263 1424 2328 sunt
1446 2263 1484 2329 et
1506 2261 1644 2329 cunctis
1667 2261 1920 2348 pertinentiiS,
1956 2265 1993 2328 et
2016 2261 2091 2328 alia
2113 2261 2215 2348 pecia
2248 2260 2292 2327 11
2315 2261 2416 2328 11111

554 2438 635 2485 cum
659 2418 930 2494 abelianietum,
956 2417 1017 2485 ubi
1040 2415 1173 2484 dicitur
1195 2415 1241 2484 11
1266 2435 1389 2484 arcum
1412 2415 1529 2484 sancti
1552 2416 1691 2503 priscis
1717 2417 1809 2503 quod
1832 2417 2036 2503 pastenabit
2058 2415 2261 2483 romoaldus
2283 2415 2418 2502 presbi-

553 2573 610 2636 ter
631 2571 726 2638 iilius
750 2570 927 2658 quondam
953 2571 1059 2658 petri,
1085 2573 1123 2637 et
1145 2569 1219 2637 1111
1242 2569 1344 2656 pecie
1367 2569 1410 2636 de
1433 2570 1533 2636 terra
1556 2587 1636 2634 cum
1660 2570 1805 2635 arbusto
1829 2566 1963 2650 bitatu,
1989 2567 2081 2654 quod
2104 2569 2250 2636 abemus
2272 2567 2312 2634 in
2334 2569 2416 2634 locu

554 2723 614 2792 ubi
640 2723 773 2792 dicitur
796 2743 882 2792 casa·
904 2726 1009 2802 noba,
1036 2743 1104 2812 que
1128 2743 1151 2791 a
1173 2727 1277 2810 parte
1300 2721 1493 2790 occidentis
1508 2722 1700 2790 coniuncta
1721 2724 1776 2788 est
1798 2721 1844 2788 ad
1865 2721 1936 2788 11111
1958 2721 2018 2789 via
2032 2721 2188 2808 plubica,
2207 2741 2275 2809 que
2297 2723 2418 2810 pergit

555 2880 602 2946 ad
627 2880 764 2948 casulla
788 2880 880 2967 quod
905 2879 1017 2948 michi
1041 2881 1095 2946 est
1118 2879 1339 2966 pertinentes
1362 2878 1409 2944 da
1432 2876 1507 2962 ipso
1531 2876 1674 2962 genitor
1697 2894 1816 2954 mess,
1852 2876 2010 2964 qualiter
2031 2875 2154 2945 dibisit
2175 2875 2251 2962 ipse
2274 2876 2418 2962 genitor

553 3055 635 3102 cum
660 3029 816 3102 ruscinio
839 3037 876 3100 11
899 3033 993 3120 petri
1017 3029 1179 3119 germani
1202 3031 1270 3107 sui;
1296 3033 1437 3098 tantum
1460 3030 1542 3097 inde
1558 3033 1800 3118 septuavimus
1822 3030 1865 3097 de
1888 3031 1959 3100 ista
1982 3034 2087 3099 rebus
2109 3032 2206 3109 illut,
2223 3031 2317 3118 quod
2340 3031 2417 3118 ipse

554 3188 697 3274 genitor
721 3206 820 3254 meus
843 3186 1016 3290 donatum
1042 3187 1144 3254 abuit
1166 3185 1312 3254 mastali
1335 3184 1553 3271 presbiteri,
1591 3187 1628 3250 et
1651 3203 1722 3251 una
1745 3183 1820 3251 alia
1842 3184 1945 3272 pecia
1966 3185 2009 3252 de
2033 3187 2132 3252 terra
2167 3204 2247 3252 curn
2275 3184 2419 3252 inserti-

553 3344 659 3418 tum,
700 3345 736 3407 et
760 3340 911 3409 bitatum
938 3340 1031 3426 quod
1054 3342 1222 3426 paratum
1245 3342 1333 3407 abeo
1355 3339 1395 3406 in
1417 3341 1498 3406 locu
1520 3342 1707 3426 preturum
1730 3339 1777 3406 da
1799 3338 1922 3405 eredes
1955 3338 2104 3406 iohanni
2127 3321 2278 3406 curzone
2313 3343 2349 3406 et
2371 3340 2417 3407 da

551 3499 675 3583 petrus
697 3495 792 3562 lilius
815 3496 962 3562 Iohanni
987 3495 1124 3573 clerici,
1142 3497 1179 3562 et
1201 3493 1275 3562 alia
1297 3495 1399 3581 pecia
1422 3494 1465 3561 de
1480 3497 1581 3562 terra
1604 3513 1685 3560 cum
1709 3497 1854 3562 arbusto
1869 3494 1999 3571 vitatu,
2018 3493 2079 3561 ubi
2094 3493 2226 3562 dicitur
2241 3496 2287 3563 ad
2302 3515 2418 3584 cappu

550 3651 594 3718 de
618 3671 702 3718 1111
726 3651 819 3738 quod
843 3670 909 3737 ego
935 3653 1105 3737 paratum
1128 3653 1215 3718 abeo
1238 3669 1303 3738 per
1317 3649 1421 3716 firma
1444 3604 1587 3717 cartula
1609 3669 1673 3736 per
1694 3649 1783 3716 fines
1806 3651 1842 3715 11
1857 3667 2055 3728 mensuras
2072 3650 2254 3739 sicutipse
2276 3655 2417 3721 cartula

550 3807 722 3884 continet,
742 3805 834 3894 quod
858 3805 925 3872 tibi
948 3805 1100 3873 iohanni
1123 3805 1222 3872 dedit
1243 3824 1308 3893 pro
1331 3807 1452 3872 vestra
1475 3805 1707 3872 defensione:
1733 3809 1779 3874 ab
1801 3805 1940 3874 oriente
1961 3807 2031 3874 fine
2058 3826 2126 3894 que
2150 3806 2219 3875 fuit
2241 3809 2419 3897 ladeperti

554 3960 746 4047 presbiteri
769 3959 865 4047 passi
889 3959 1179 4048 quattuordecim
1201 3961 1238 4026 11
1260 3960 1430 4026 medium:
1449 3978 1471 4027 a
1493 3960 1758 4046 septemtrionis
1779 3960 1849 4028 fine
1871 3961 1915 4028 de
1938 3963 2159 4030 consortibus
2181 3963 2312 4030 nostris
2323 3964 2419 4052 passi

557 4112 681 4180 decern
704 4116 741 4180 11
763 4117 841 4182 octo
865 4118 902 4181 et
926 4114 1110 4191 medium,
1148 4117 1194 4182 ab
1216 4115 1398 4181 occidente
1422 4113 1590 4182 similiter
1612 4117 1682 4182 11111
1705 4116 1748 4183 11
1772 4115 1993 4183 consortibus
2026 4115 2157 4183 nostris
2191 4117 2286 4204 passi
2309 4119 2419 4205 quad-

553 4267 750 4336 tuordeeim
773 4271 810 4334 et
832 4268 988 4336 medium
1012 4316 1020 4345 ,
1061 4273 1097 4334 et
1121 4269 1166 4335 11
1189 4267 1338 4334 meridie
1361 4269 1430 4335 11111
1454 4268 1497 4335 11
1520 4268 1644 4336 eredes
1667 4267 1822 4336 dauferii
1845 4269 1997 4336 castaldi
2031 4269 2126 4356 passi
2150 4269 2215 4338 1111
2238 4270 2358 4338 decem
2382 4275 2419 4340 et

552 4425 631 4489 octo
655 4424 692 4489 11
714 4420 882 4498 medium3
908 4425 944 4488 11
968 4421 1044 4488 1111
1067 4422 1169 4508 peeia
1192 4421 1235 4488 de
1259 4425 1359 4488 terra
1381 4439 1462 4487 oum
1478 4423 1623 4488 arbusto
1646 4421 1762 4489 vitatu
1784 4420 1823 4490 in
1845 4421 1960 4509 ipsum
1983 4424 2099 4490 locum
2114 4443 2229 4512 cappu
2252 4425 2296 4492 de
2319 4443 2415 4503 aree,

553 4575 645 4662 quod
669 4575 778 4642 miehi
802 4577 961 4660 pertinet
983 4594 1047 4661 per
1067 4575 1205 4642 vicaria
1228 4574 1274 4642 da
1290 4576 1413 4660 petrus
1436 4574 1554 4642 iudice
1577 4594 1642 4665 per
1652 4575 1734 4646 flnis
1756 4577 2004 4646 etmensuria:
2021 4577 2220 4644 oboriente
2241 4579 2311 4644 fine
2326 4578 2419 4678 sicut

556 4731 638 4800 inde
662 4731 895 4799 terminatum
919 4732 1017 4818 passi
1044 4731 1288 4818 quadraginta
1311 4731 1516 4818 quadtuor,
1552 4731 1671 4799 minus
1693 4732 1811 4802 cubito
1834 4751 1930 4812 uno,
1967 4753 1990 4802 a
2012 4735 2116 4820 parte
2138 4735 2415 4822 septemtrionis,

551 4887 646 4956 sicut
668 4886 751 4954 inde
775 4886 911 4953 termiti
936 4886 1171 4954 disscernunt
1195 4885 1825 4973 1111111111111111111111111111111
1851 4886 1921 4953 11111
1954 4886 2109 4956 dauferii
2141 4887 2206 4956 filii
2240 4891 2417 4978 quondam

558 5040 736 5120 1111111111Ι
749 5039 831 5107 inde
854 5045 939 5107 sunt
962 5045 1060 5128 passi
1084 5041 1326 5129 quadraginta
1349 5042 1528 5128 quadtuor
1550 5043 1587 5109 et
1609 5061 1680 5109 uno
1702 5043 1853 5128 gubit03
1885 5045 1922 5110 et
1938 5043 1967 5110 'a
1989 5045 2138 5113 meridie
2160 5045 2256 5134 passi
2279 5047 2344 5114 alii
2367 5049 2419 5116 bi-

553 5193 652 5278 ginti
674 5194 794 5260 minus
817 5214 887 5262 uno
910 5195 1048 5282 gubito,
1073 5199 1186 5264 totum
1210 5201 1454 5266 mensuratum
1479 5199 1525 5266 ad
1548 5198 1642 5266 iusto
1664 5217 1807 5285 passum
1823 5197 1963 5276 ominis
1980 5203 2018 5266 et
2040 5201 2114 5268 alia
2136 5201 2238 5289 pecia
2259 5203 2303 5270 11
2318 5207 2418 5270 terra

552 5369 635 5418 cum
658 5351 915 5420 abellanietum
940 5372 963 5418 a
985 5371 1092 5440 super
1115 5351 1265 5418 ecclesia
1287 5351 1404 5419 sancti
1426 5353 1580 5441 priscis,
1613 5353 1674 5422 ubi
1697 5353 1742 5422 ad
1765 5373 1855 5422 cava
1876 5355 2049 5441 palubulu
2072 5355 2231 5434 dicitur,
2268 5377 2336 5443 que
2360 5361 2413 5424 est

552 5525 624 5593 per
645 5505 727 5573 flnis
750 5509 787 5572 et
809 5505 1002 5573 mensurio:
1031 5525 1052 5572 a
1074 5507 1337 5593 septemtrionis
1351 5508 1421 5574 11111
1436 5507 1480 5576 11
1494 5508 1715 5578 consortibus
1737 5509 1880 5588 nostris,
1897 5509 1980 5576 inde
2002 5510 2157 5578 latitudo
2181 5509 2276 5597 passi
2291 5511 2413 5582 decem

552 5661 590 5726 11
612 5663 703 5738 octo;
729 5679 751 5728 a
774 5660 923 5728 meridie
945 5661 1136 5748 longitudo
1159 5663 1255 5749 passi
1277 5663 1520 5751 quadraginta
1541 5684 1626 5745 sex,
1652 5666 1749 5734 etin
1772 5666 1890 5753 capite
1912 5665 2065 5734 latitudo
2088 5665 2185 5755 passi
2207 5667 2342 5745 decem,
2368 5667 2414 5735 ad

552 5815 646 5884 iusto
669 5834 810 5904 passum
833 5815 962 5886 ominis
991 5821 1248 5888 mensuratum.
1285 5819 1369 5886 Alia
1391 5820 1493 5907 pecia
1514 5821 1558 5888 de
1582 5823 1682 5889 terra
1704 5819 1900 5909 propinquo
1924 5821 1969 5888 ad
1992 5821 2144 5890 ecclesia
2166 5823 2329 5890 sanctum
2354 5840 2413 5890 11-
