5218 7086
616 447 697 527 ι21111
1254 453 1433 527 OODEX
1477 453 1732 528 cavensis

577 664 645 734 que
670 649 741 716 sita
765 651 820 716 est
842 649 941 716 intra
964 652 1057 717 hanc
1080 649 1338 716 salernitanam
1362 646 1558 724 cibitatem,
1583 649 1620 713 et
1642 645 1798 732 pertinet
1819 643 2058 732 suprascripti
2081 641 2200 708 domni
2224 637 2379 724 principi
2394 641 2429 702 ct

574 799 620 866 ad
643 801 808 886 germani
831 801 900 868 sui.
927 803 971 868 ut
993 803 1067 889 ipse
1090 802 1239 868 domnus
1263 803 1372 868 abbas
1395 799 1633 884 proclamabit
1655 817 1692 865 se
1719 799 1795 884 pati
1822 797 2074 866 necessitatem
2096 797 2164 862 etc.
2183 793 2355 875 Sequitur
2378 791 2430 854 iu-

573 909 940 1020 strumentumtdcm
963 971 1006 1021 99
1029 956 1165 1038 1991119·
1192 956 1233 1019 tu
1264 972 1416 1020 1919919
1443 945 1689 1039 praecedenti.
1716 953 1761 1018 Et
1783 951 1850 1018 due
1876 951 2015 1018 cartule
2040 948 2143 1014 unius
2180 943 2313 1010 tenoris
2349 943 2428 1008 inde

571 1103 728 1172 scribere
752 1106 907 1192 precepi:
932 1127 1001 1174 anc
1024 1127 1132 1194 quam
1156 1107 1230 1194 ipse
1254 1107 1403 1174 domnus
1427 1109 1536 1173 abbas
1571 1107 1729 1180 retinet,
1766 1107 1803 1172 et
1825 1105 1978 1172 alteram
2004 1121 2110 1188 quam
2150 1099 2234 1166 inde
2269 1096 2428 1164 retinunt

568 1257 639 1344 ipsi
662 1257 820 1325 landolfo
843 1263 880 1326 et
903 1263 1017 1346 petro,
1043 1261 1105 1347 qui
1129 1264 1213 1326 sunt
1234 1258 1391 1344 cognati.
1407 1261 1444 1325 et
1459 1258 1728 1344 desuperinter
1746 1257 1906 1343 virgulas
1929 1257 2076 1343 legitur:
2103 1255 2229 1354 abbas,
2250 1253 2288 1316 et
2303 1249 2427 1316 taliter

569 1411 604 1474 te
629 1411 849 1478 romoaldum
873 1410 1066 1488 notarium,
1093 1409 1154 1496 qui
1178 1409 1387 1486 interfuisti,
1413 1409 1569 1477 scribere
1591 1409 1746 1497 precepi.
1773 1412 1817 1476 Et
1839 1429 1879 1476 oc
1905 1426 2102 1476 memorare
2124 1405 2193 1474 feci
2216 1405 2285 1470 etc:
2312 1404 2354 1466 ut
2370 1419 2424 1466 su-

566 1581 655 1648 pra.
679 1563 773 1649 quod
796 1563 947 1648 teipsum
972 1563 1191 1630 romoaldum
1215 1561 1396 1630 notarium
1420 1562 1575 1632 scribere
1598 1565 1752 1650 precepi.

615 1717 645 1808 1·
668 1720 742 1803 Ego
767 1717 828 1804 qui
851 1736 961 1803 supra
985 1718 1135 1784 Amatus
1159 1716 1281 1783 iudex.

1394 2091 1593 2173 MGGII

1341 2340 1404 2413 A.
1432 2338 1491 2414 D.
1521 2339 1647 2413 1054

584 2557 645 2690 ‚†,
662 2605 700 2667 ln
725 2603 867 2666 nomine
891 2601 1025 2668 domini
1049 2601 1294 2669 tertiodecimo
1320 2620 1414 2668 anno
1438 2601 1662 2687 principatus
1686 2603 1806 2668 domni
1831 2605 1942 2669 nostri
1968 2603 2087 2686 gisulfi
2110 2602 2258 2688 gloriosi
2287 2601 2419 2688 princi-

565 2755 649 2841 pis,
675 2772 795 2820 mense
819 2755 965 2838 magio,
1005 2753 1123 2839 prima
1146 2753 1204 2820 die
1229 2757 1389 2820 intrante
1411 2753 1562 2839 septima
1586 2753 1794 2821 indictione.
1835 2755 2125 2823 Memoratorium
2151 2758 2286 2824 factum
2312 2776 2334 2822 a
2357 2775 2409 2822 me

566 2907 761 2975 adelferius
784 2907 937 2974 clericus
960 2910 997 2974 et
1019 2909 1299 2994 archipresbiter
1323 2906 1384 2994 qui
1407 2909 1443 2972 et
1466 2909 1575 2973 abbas
1598 2901 1745 2973 ecclesie
1768 2907 1884 2973 sancti
1909 2907 2086 2982 maximi,
2112 2926 2181 2994 que
2207 2911 2418 2978 constructa

567 3051 623 3127 est
646 3062 746 3127 intra
768 3060 1028 3127 salernitanam
1051 3059 1266 3135 cibitatem,
1306 3058 1369 3144 qui
1392 3076 1471 3124 sum
1496 3047 1606 3124 unum
1630 3077 1676 3125 ex
1701 3057 1776 3124 illis
1801 3058 1928 3145 quibus
1953 3059 2032 3144 ipsa
2069 3059 2221 3126 ecclesia
2246 3060 2412 3146 pertinet,

567 3216 652 3282 ante
676 3215 867 3301 subscripti
891 3216 999 3280 testes
1022 3231 1086 3299 per
1109 3211 1369 3309 combenientia
1391 3211 1525 3280 tradidi
1550 3231 1622 3278 una
1645 3231 1726 3278 cum
1750 3210 1999 3279 adbocatorem
2024 3230 2141 3280 meum
2159 3216 2299 3280 stefano
2324 3212 2415 3279 fliius

565 3366 745 3453 quondam
769 3365 877 3453 (deest
893 3369 1038 3448 991999)
1063 3367 1244 3452 integrum
1270 3365 1442 3432 molinum
1467 3365 1667 3451 pertinente
1689 3365 1801 3451 ipsius
1824 3367 2001 3443 ecclesie,
2027 3367 2118 3453 quod
2140 3367 2344 3434 edificatum
2369 3373 2417 3434 est

564 3520 603 3586 iu
626 3522 734 3587 flubio
758 3521 864 3596 lirno,
889 3539 968 3585 cum
995 3520 1087 3586 mole
1107 3523 1143 3586 et
1166 3515 1373 3586 ferraturiis
1395 3519 1486 3597 eius,
1513 3520 1606 3588 idest
1629 3541 1710 3586 cum
1736 3523 1836 3588 becte
1857 3521 1902 3614 de
1925 3522 2061 3588 ferrum
2084 3525 2122 3589 91
2137 3523 2253 3590 tribus
2278 3525 2412 3596 anellis,

563 3675 601 3740 91
622 3671 820 3740 9991119919
843 3675 879 3739 91
904 3672 1044 3748 ranola,
1071 3674 1108 3736 ct
1131 3689 1211 3737 cum
1236 3670 1423 3736 arcaturia
1446 3672 1719 3749 91991199119,
1744 3677 1781 3739 et
1804 3685 1884 3739 cum
1908 3673 2072 3740 omnibus
2094 3673 2169 3741 suis·
2191 3674 2414 3760 pertiuentiis

563 3827 600 3892 et
622 3827 805 3904 sedimen,
841 3830 982 3892 etcum
1006 3825 1082 3892 bice
1105 3827 1147 3892 de
1173 3827 1231 3892 bia
1254 3846 1332 3902 sua,
1358 3827 1515 3912 qualiter
1539 3829 1653 3914 ipsum
1679 3827 1852 3894 molinum
1889 3828 2023 3913 legitur
2059 3845 2250 3896 macenare
2284 3832 2410 3914 possut,

563 3998 643 4045 cum
668 3999 751 4046 usus
775 3997 951 4078 aquarum
975 3978 1018 4045 de
1041 3979 1158 4064 ipsum
1182 3978 1367 4055 molinum,
1394 3978 1550 4064 qualiter
1575 3979 1665 4046 illud
1691 3999 1801 4065 usque
1825 4000 1921 4047 nunc
1957 3982 2186 4048 molinatores
2210 3984 2410 4049 tenuerunt.

562 4132 698 4198 Taliter
721 4131 812 4198 illud
835 4133 868 4198 ei
893 4131 1040 4209 tradidi,
1068 4133 1114 4200 ud
1138 4133 1263 4200 amodo
1285 4135 1320 4198 et
1347 4150 1455 4217 usque
1480 4151 1590 4199 unum
1614 4151 1750 4200 annum
1773 4135 2012 4221 completum,
2041 4136 2087 4201 ud
2111 4151 2149 4201 99
2170 4135 2356 4221 complead
2378 4135 2412 4201 in

563 4286 689 4352 ultimo
712 4285 766 4352 die
790 4285 833 4352 de
855 4285 1099 4371 suprascripto
1116 4304 1248 4362 mense,
1274 4287 1311 4352 et
1335 4283 1398 4350 ille
1421 4283 1483 4349 het
1505 4285 1581 4350 eius
1604 4283 1726 4350 eredes
1743 4285 1858 4352 licead
1884 4288 2003 4353 tenere
2030 4285 2160 4353 inclita
2174 4287 2254 4371 ipsa
2270 4287 2411 4354 traditio

561 4440 598 4506 et
621 4439 732 4515 sebee,
759 4440 820 4506 het
843 4435 956 4505 omnis
979 4457 1041 4506 sue
1066 4437 1237 4504 utilitatis
1262 4438 1310 4504 ibi
1327 4439 1444 4504 facere
1467 4439 1505 4502 et
1520 4440 1638 4520 abere,
1654 4439 1691 4503 et
1706 4436 1766 4502 diu
1785 4438 1959 4522 noctuque
1984 4438 2097 4524 ipsum
2113 4437 2285 4504 molinum
2303 4439 2411 4504 custo-

507 4674 508 4677 *
562 4589 640 4658 dire
663 4591 727 4658 ille
750 4595 784 4658 et
807 4593 910 4658 heius
932 4593 1083 4668 eredes,
1109 4595 1146 4658 et
1168 4591 1346 4658 ominibus
1371 4591 1528 4662 illorum,
1554 4595 1591 4656 ct
1613 4593 1789 4663 conciare,
1807 4591 1852 4658 ud
1875 4589 2036 4675 legitime
2059 4608 2249 4658 macenare
2273 4593 2406 4676 poxsat,

568 4743 658 4812 etsi
681 4743 760 4829 ipsa
783 4723 980 4810 1911911119
1005 4711 1216 4810 adconciare
1240 4742 1382 4810 abuerit
1405 4744 1441 4807 et
1463 4759 1529 4828 ego
1554 4745 1608 4808 vel
1634 4759 1853 4810 successores
1877 4760 1999 4820 meos,
2035 4746 2099 4810 aut
2133 4761 2216 4829 pars
2252 4744 2403 4828 predicte

560 4894 707 4961 ecclesie
731 4894 819 4960 illud
844 4895 980 4962 faciant
1002 4897 1167 4961 conciare
1190 4899 1227 4960 et
1250 4895 1322 4961 illis
1346 4894 1395 4960 ibi
1419 4893 1616 4970 adlubent,
1642 4893 1755 4980 proud
1779 4893 1905 4960 melius
1930 4895 2097 4980 potuerit.
2124 4894 2299 4962 Similiter
2321 4898 2358 4962 et
2378 4896 2405 4961 si

560 5047 639 5134 ipsa
662 5047 848 5115 arcaturia
871 5068 935 5134 pro
958 5051 1067 5135 plena
1090 5049 1258 5134 ruperit,
1295 5067 1379 5134 pars
1404 5047 1515 5134 ipsius
1538 5047 1687 5116 ecclesie
1710 5068 1789 5116 cam
1814 5051 1924 5116 faciat
1947 5051 2111 5118 conciare
2142 5053 2204 5116 het
2226 5051 2404 5126 mundare,

560 5197 597 5264 et
619 5195 692 5261 illis
714 5199 752 5262 et
775 5197 951 5264 ominibus
974 5215 1098 5265 eorum
1123 5199 1173 5266 ibi
1197 5199 1394 5275 adiubent,
1420 5181 1599 5286 quantum
1619 5201 1745 5269 melius
1768 5203 1976 5288 potuerint,
2003 5223 2066 5290 per
2089 5223 2211 5272 omnes
2235 5205 2353 5282 bices3
2374 5207 2406 5272 et

562 5349 705 5436 quando
727 5351 818 5418 mole
842 5353 880 5418 in
904 5351 980 5438 ipso
1004 5351 1174 5419 molinum
1191 5371 1373 5420 necessum
1399 5353 1519 5430 fuerit,
1535 5372 1597 5422 nos
1620 5355 1676 5421 vel
1694 5374 1777 5440 pars
1793 5355 1948 5442 predicte
1969 5357 2119 5425 ecclesie
2134 5359 2257 5426 demus
2281 5359 2404 5428 ibidem

529 5589 532 5596 Ι
560 5501 652 5568 mole
676 5505 777 5578 bone,
794 5505 831 5570 et
854 5500 925 5570 illis
948 5503 998 5570 ibi
1022 5506 1198 5590 reponant
1221 5504 1294 5591 ipse
1308 5506 1423 5584 mole,
1450 5505 1607 5591 qualiter
1631 5507 1816 5586 meruerit,
1833 5511 1870 5575 et
1893 5509 1984 5575 mole
2007 5511 2119 5578 beteri
2136 5511 2246 5578 deant
2267 5514 2304 5579 et
2320 5512 2404 5580 adsi·

563 5657 677 5740 guent
700 5656 737 5722 in
761 5673 844 5741 pars
867 5655 1108 5743 suprascripte
1131 5657 1291 5736 ecclesie3
1309 5659 1346 5726 et
1368 5675 1471 5725 omne
1493 5659 1679 5736 mulitura,
1706 5677 1773 5746 que
1797 5659 1846 5727 ibi
1871 5661 1999 5730 tollere
2022 5666 2059 5730 et
2082 5665 2187 5730 abere
2217 5664 2401 5751 potuerint,
