5452 7108
1036 435 1440 576 olrtouurlcus

1173 799 1332 880 MXC

1104 1011 1163 1088 A.
1190 1010 1248 1088 D.
1277 1011 1402 1094 1047

367 1276 465 1344 Haec
486 1273 620 1344 oborto
642 1277 686 1344 de
709 1276 833 1344 eedem
855 1277 1029 1346 locatione
1051 1281 1143 1366 opit,
1168 1281 1213 1348 de
1234 1301 1306 1366 oric
1331 1283 1555 1350 antecedens.

1153 1791 1338 1874 MXCI

1104 2073 1163 2148 A.
1191 2070 1248 2149 D.
1272 2073 1402 2162 Ι1047

367 2366 619 2435 &assisteriam
638 2390 650 2435 .·

366 2518 393 2608 †
417 2519 606 2588 'lricesimo
628 2541 723 2590 anno
745 2521 967 2612 principatus
989 2524 1188 2594 Guaimarii
1212 2529 1282 2594 etc.
1309 2528 1490 2614 utsupra.

366 2696 385 2740 e
409 2676 534 2742 Ooram
558 2675 747 2746 Ademario
770 2677 903 2746 comite
925 2681 963 2746 et
977 2679 1261 2775 ludiceloannes
1276 2680 1321 2747 de
1338 2681 1529 2768 amalphia
1544 2680 1638 2748 illius
1663 2679 1840 2768 quondam
1857 2681 1983 2749 Leonis
1998 2683 2183 2768 promittit

324 2851 342 2892 a
366 2831 490 2896 Mauro
512 2829 585 2898 fflio
607 2798 828 2900 Constantini
850 2833 1026 2900 Sturnello
1049 2852 1087 2900 se
1111 2833 1326 2901 donaturum
1356 2833 1390 2901 ei
1415 2833 1680 2922 quinquaginta
1710 2853 1838 2904 aureos
1860 2833 1989 2904 solidos
2017 2837 2054 2904 et
2076 2834 2180 2922 quin·

323 2979 536 3068 «quaginta
559 3003 605 3052 ex
630 2985 730 3052 bonis
753 2985 988 3072 adpretiatls,
1015 2985 1155 3072 quando
1184 2986 1301 3054 dictus
1325 2989 1471 3053 Maurus
1496 3003 1644 3054 uxorem
1679 2985 1826 3054 duxerit
1848 2987 2034 3056 Antoniam
2069 2989 2181 3058 filiam

323 3156 480 3216 «suam,
505 3157 586 3206 cum
609 3139 802 3210 traditione
836 3139 946 3206 etiam
969 3158 1095 3207 novem
1129 3139 1328 3208 solidorum
1364 3137 1442 3210 auri
1466 3144 1504 3208 et
1526 3145 1644 3209 terras
1679 3142 1718 3211 in
1742 3143 1818 3210 loco
1842 3143 1945 3230 Sepi,
1973 3143 2032 3211 ubl
2056 3147 2182 3213 Noella

325 3291 512 3362 «dicitur.

369 3472 388 3515 ‹
414 3443 599 3517 Deuterius
622 3445 781 3518 notarius
805 3450 898 3518 hanc
922 3451 1086 3518 chartam
1111 3449 1291 3520 exaravit.

333 3583 335 3588 ¹
369 3605 396 3698 †
419 3601 493 3692 ugo
517 3601 578 3694 qui
600 3623 709 3692 supra
731 3605 934 3673 ademarius
957 3605 1081 3674 iudex.

1141 4024 1352 4106 MXCII

1104 4273 1163 4348 A.
1190 4269 1247 4347 D.
1276 4271 1401 4348 1047

368 4540 395 4631 †
419 4543 457 4608 ln
480 4539 623 4608 nomine
647 4538 780 4606 domini
805 4536 984 4604 tricesimo
999 4555 1095 4604 anno
1113 4535 1341 4622 principatus
1356 4535 1476 4604 domni
1492 4535 1605 4604 nostri
1619 4537 1812 4624 guaimarii
1827 4537 1973 4624 gloriosi
1988 4537 2179 4626 principis,

325 4645 360 4763 et
384 4716 474 4764 nono
498 4714 589 4762 anno
613 4695 764 4762 ducatus
789 4693 888 4761 illius
912 4692 1092 4759 emolliet
1114 4692 1274 4770 sirrenti‚
1300 4695 1336 4759 et
1358 4693 1460 4760 sexto
1485 4711 1579 4762 anno
1594 4693 1817 4782 principatus
1840 4697 1877 4764 et
1899 4695 2056 4782 ipsorum
2074 4695 2183 4766 duca·

326 4854 425 4919 tuum
448 4850 568 4918 domni
590 4849 711 4936 gisulfi
733 4847 804 4946 tilii
820 4847 896 4916 eius
920 4846 1044 4915 eximii
1068 4845 1243 4935 principis
1266 4851 1304 4915 et
1325 4847 1437 4926 ducis,
1462 4867 1583 4917 mense
1605 4851 1817 4936 september,
1835 4847 1953 4936 prima
1968 4847 2174 4920 indictione.

325 5007 393 5072 Nos
416 5003 587 5072 iohannes
613 5003 649 5070 et
672 5005 793 5071 blacta
818 5001 1042 5070 atrianenses
1065 5000 1230 5088 germani
1265 5000 1330 5068 lilii
1353 5001 1472 5069 mauri
1505 5001 1687 5070 calbarusi
1711 5001 1982 5082 clarefecimus‚
2008 5003 2180 5092 quoniam

323 5157 480 5245 pertinet
503 5157 603 5226 nobis
626 5159 734 5226 abere
758 5159 863 5224 rebus
887 5159 978 5224 foras
1001 5158 1094 5224 hano
1117 5155 1211 5224 cibes
1235 5156 1330 5224 ulter
1353 5157 1459 5225 dubio
1482 5156 1588 5236 limo,
1602 5157 1640 5226 et
1662 5159 1717 5224 est
1741 5159 1847 5225 rebus
1869 5156 1948 5244 ipsa
1971 5160 2072 5226 terre
2098 5178 2180 5226 oum

325 5315 509 5381 arbustum
533 5315 570 5380 et
591 5311 715 5400 pomis,
740 5315 777 5381 et
799 5316 853 5380 est
876 5315 981 5380 rebus
1004 5312 1082 5400 ipsa
1104 5313 1199 5380 intra
1222 5315 1288 5380 has
1310 5313 1421 5380 fines:
1447 5311 1478 5378 Α
1501 5313 1605 5398 parte
1629 5310 1822 5379 occidentis
1845 5311 1928 5380 linis
1951 5313 2056 5379 dubio
2072 5312 2178 5390 lirno;

325 5487 349 5535 a
370 5470 473 5556 parte
497 5465 645 5536 meridie
669 5469 738 5535 fine
762 5469 867 5535 rebus
890 5466 1037 5534 iohanni
1061 5470 1098 5533 et
1120 5467 1224 5543 mele,
1250 5467 1311 5554 qui
1335 5468 1420 5534 sunt
1442 5465 1620 5552 germani,
1645 5468 1683 5533 et
1704 5465 1771 5533 tilii
1794 5465 1918 5552 angeli
1942 5465 2064 5534 abbati
2087 5465 2180 5552 quod

325 5627 455 5692 emtam
480 5582 593 5692 abunt
616 5623 663 5692 da
687 5639 770 5692 urso
791 5623 864 5690 illio
887 5619 983 5690 leoni
1004 5621 1209 5700 cosentin03
1235 5621 1279 5689 de
1302 5639 1410 5708 super
1432 5623 1559 5708 parte,
1593 5619 1685 5707 quod
1708 5623 1807 5686 esta
1830 5621 1934 5706 parte
1963 5617 2112 5687 orientis
2134 5619 2181 5686 si·

324 5779 458 5848 militer
480 5780 551 5847 fine
575 5778 733 5866 ipsorum
756 5777 944 5866 germani;
970 5795 992 5844 a
1014 5775 1265 5864 septemtrione
1288 5777 1359 5843 fine
1382 5773 1538 5862 ipsorum
1563 5772 1736 5860 germani,
1762 5791 1830 5860 que
1850 5775 1984 5840 emtum
2008 5775 2119 5841 abunt
2133 5771 2180 5842 da

466 5895 539 5955 Tol.
557 5910 604 5954 vu.
2054 5892 2071 5947 8
