5454 7104
1027 548 1433 623 ulphbhautcus
2062 546 2126 618 111

325 737 407 814 1100,
425 740 533 808 havet
555 761 675 828 passos
699 745 962 833 quinquaginta
984 749 1021 814 et
1043 747 1198 816 medium
1222 744 1268 812 ad
1291 745 1382 813 iusto
1406 761 1524 831 passu,
1543 762 1624 811 cum
1647 733 1766 810 omnia
1791 743 1886 808 iuter
1911 741 1985 828 ipse
2009 743 2179 808 ambobus

325 895 431 960 rebus
454 895 643 964 abentibus
666 897 712 966 ad
736 898 833 966 linea
854 900 1125 976 mensuratum,
1153 901 1193 964 ut
1216 898 1326 968 liceat
1348 897 1423 984 ipse
1447 897 1566 965 010010
1589 899 1625 963 01
1648 877 1703 963 100
1727 895 1892 980 germani
1916 897 1951 960 et
1974 894 2047 960 suis
2071 897 2184 961 here-

324 1045 439 1125 dibus,
465 1053 549 1117 nato
573 1054 755 1125 nascente,
781 1055 810 1120 si
834 1055 991 1121 voluerit
1012 1054 1169 1122 hibidem
1193 1052 1373 1129 residere,
1399 1053 1519 1120 subere
1541 1099 1549 1128 ,
1575 1050 1768 1126 laborare,
1793 1053 1984 1136 pasteuare
2008 1050 2113 1118 vinea
2138 1051 2175 1117 et

324 1220 455 1288 poma,
480 1203 607 1273 salices
631 1207 825 1292 plantare,
850 1210 887 1274 et
908 1207 1022 1274 omnis
1044 1225 1107 1274 sue
1131 1205 1300 1274 utilitatis
1323 1205 1480 1274 hividem
1506 1207 1649 1281 facere,
1681 1205 1718 1270 et
1741 1202 1925 1271 licentiam
1949 1202 2113 1271 habeatis
2137 1201 2176 1269 in

323 1357 428 1422 rebus
451 1356 494 1424 de
519 1356 593 1444 ipso
619 1359 833 1427 monasterio
858 1362 1020 1445 iutroyre
1045 1362 1082 1427 ct
1105 1360 1199 1427 iusta
1224 1361 1400 1428 rationem
1424 1361 1566 1426 arbores
1591 1356 1748 1424 incidere
1783 1373 1847 1442 pro
1882 1355 1957 1441 ipse
1992 1358 2108 1442 peries
2132 1356 2178 1423 de

324 1511 419 1576 terre
442 1511 616 1597 pedamen
638 1517 676 1580 et
698 1516 797 1582 cluse
821 1514 1089 1586 faciendumst
1112 1533 1134 1583 a
1158 1514 1245 1582 ioris
1269 1513 1344 1599 ipsc
1367 1515 1464 1581 cluse
1479 1513 1641 1581 haveatis
1665 1511 1791 1580 sedilie
1815 1514 1851 1578 et
1874 1510 1966 1578 iusto
1992 1512 2095 1576 horto
2112 1529 2182 1594 per

320 1663 492 1748 signulos,
518 1670 555 1733 et
578 1669 746 1756 quicquid
769 1675 891 1737 vinum
915 1671 971 1737 vel
995 1671 1098 1756 fruge
1121 1670 1205 1736 inde
1228 1668 1371 1745 exierit,
1396 1668 1520 1735 amodo
1546 1687 1656 1754 usque
1680 1686 1793 1734 anuos
1816 1670 1962 1752 septem,
1988 1673 2107 1734 totum·
2128 1667 2179 1732 sit

324 1821 361 1885 in
384 1821 557 1906 potestate
581 1821 625 1888 de
650 1821 735 1908 ipsis
759 1823 906 1890 nichola
929 1827 965 1890 et
988 1824 1042 1890 leo
1065 1822 1248 1909 germanis
1268 1869 1276 1898 ,
1302 1821 1403 1889 etde
1427 1839 1548 1887 eorum
1574 1820 1791 1894 heredibus,
1817 1821 1894 1889 sine
1917 1823 2012 1890 omni
2037 1826 2179 1892 contra·
2228 1903 2232 1914 Ι

323 1973 450 2039 rietate
476 1993 558 2059 pars
582 1977 733 2051 nostra,
760 1977 817 2042 vel
840 1975 883 2043 de
906 1975 982 2062 ipso
1007 1947 1248 2051 monasterio,
1275 1975 1377 2042 etde
1400 1974 1546 2061 eiusque
1570 1975 1780 2041 rectoribus.
1806 1976 1889 2042 Post
1912 1977 2077 2062 completi
2103 1978 2170 2065 ipsi

320 2129 454 2210 septem
479 2128 576 2204 anni,
603 2129 774 2217 quicquid
799 2128 919 2197 vinum
943 2129 999 2196 vel
1024 2131 1127 2216 fruge
1151 2129 1234 2197 inde
1259 2130 1401 2205 exierit,
1417 2133 1501 2196 nato
1526 2128 1719 2204 nesciente,
1740 2130 1873 2196 tactum
1897 2135 2065 2216 paratum
2090 2134 2178 2200 dent

322 2278 404 2344 inde
420 2279 465 2345 ad
482 2283 702 2365 palmentum
718 2284 862 2350 tertiam
879 2285 1031 2368 partem,
1050 2285 1086 2350 et
1109 2283 1151 2349 de
1167 2282 1263 2350 omni
1286 2284 1389 2366 fruge
1405 2283 1515 2349 tertia
1530 2300 1624 2368 pars,
1649 2281 1748 2350 vobis
1772 2282 1968 2370 vestrisque
1986 2285 2178 2354 heredibus

320 2431 455 2497 abeatis
478 2432 546 2499 due
568 2434 722 2501 sortibus
743 2458 750 2509 ;
792 2437 829 2500 et
851 2435 1001 2501 hamodo
1026 2437 1062 2501 et
1085 2453 1225 2520 semper
1250 2453 1312 2501 nos
1336 2437 1372 2500 ct
1395 2433 1525 2501 nostris
1550 2434 1819 2521 posterioribus
1857 2439 1894 2501 et
1916 2455 1999 2521 pars
2023 2429 2179 2522 predicti

321 2585 529 2652 monasterii
553 2585 775 2654 defensemus
799 2588 901 2687 vobis
920 2589 1038 2656 nicola
1061 2589 1097 2654 et
1120 2589 1187 2662 leo,
1214 2586 1316 2654 etad
1340 2585 1468 2654 vestris
1491 2586 1705 2662 heredibus,
1732 2586 1856 2655 inclite
1879 2589 2086 2675 supradicte
2119 2609 2180 2678 pe-

184 2794 186 2798 ,
320 2735 391 2804 cies
415 2737 605 2815 deterre,
647 2759 727 2806 cum
750 2741 871 2809 omnia
893 2741 990 2809 infra
1013 2761 1050 2808 se
1074 2743 1255 2817 habente,
1286 2743 1322 2806 et
1345 2739 1422 2806 vice
1446 2739 1489 2806 de
1513 2739 1606 2816 viis,
1648 2741 1694 2808 da
1716 2741 1881 2810 omnibus
1905 2743 2107 2811 hominibus
2130 2744 2178 2811 ab

319 2889 484 2977 omnique
507 2894 624 2978 parte.
651 2895 739 2960 Nam
764 2893 794 2960 si
819 2911 892 2971 vos,
910 2895 966 2959 rel
990 2893 1118 2960 vestris
1142 2892 1345 2970 heredibus
1363 2892 1447 2960 inde
1469 2893 1571 2960 exire
1595 2893 1794 2970 volueritis,
1810 2893 1994 2963 licentiam
2010 2897 2174 2964 habeatis

318 3045 488 3132 excutere
511 3044 593 3112 inde
615 3049 737 3114 omnia
760 3049 880 3114 vestra
903 3047 1061 3124 mobilia,
1079 3049 1116 3112 et
1138 3047 1278 3132 periere
1300 3047 1387 3114 hubi
1410 3045 1612 3123 vulueritis;
1637 3046 1725 3114 etsi
1750 3067 1861 3136 usque
1885 3053 1959 3116 tres
1981 3069 2096 3119 00000
2111 3049 2181 3118 ite·

318 3214 398 3263 rum
422 3197 497 3265 hibi
520 3198 661 3266 fueritis
685 3200 847 3278 rebersi,
884 3199 1015 3266 iterum
1046 3198 1121 3284 ipse
1145 3198 1302 3266 clusuris
1325 3217 1517 3286 eorumque
1540 3199 1690 3268 heredes
1714 3201 1838 3268 redeat
1860 3203 2033 3288 potestati
2056 3203 2096 3270 in
2119 3222 2178 3272 su-

317 3349 480 3434 pradicta
503 3351 643 3418 ratione
666 3351 757 3421 illud
773 3353 985 3422 habendum.
1003 3353 1100 3430 Quod
1123 3351 1156 3420 si
1180 3352 1304 3420 taliter
1319 3356 1381 3420 etc.
1400 3354 1549 3422 Guodits
1572 3355 1669 3422 dotis
1685 3358 1719 3420 et
1741 3355 1955 3441 interposito
1970 3358 2178 3456 mediatore

322 3503 411 3570 Urso
425 3504 502 3588 filio
524 3506 707 3588 quondam
728 3507 817 3590 hprr'
830 3506 1011 3574 anastasii
1025 3505 1194 3573 tessiture
1217 3504 1261 3572 de
1284 3505 1360 3592 ipso
1383 3505 1607 3581 castellucim
1633 3509 1772 3593 statuta
1793 3508 1868 3591 fuit
1883 3509 2019 3577 mulcta
2044 3510 2178 3595 ctptutt

316 3658 515 3724 solidorum
537 3660 627 3726 ouri
654 3659 1055 3728 constantinianorum.
1082 3660 1127 3725 Et
1151 3677 1220 3725 unc
1244 3660 1389 3726 brebem
1411 3658 1553 3727 scribsit
1577 3677 1641 3746 030
1666 3659 1794 3727 landus
1817 3660 1994 3747 presbiter
2017 3663 2055 3730 et
2077 3662 2176 3729 nota-

317 3808 403 3887 rius,
429 3811 548 3878 actum
571 3811 716 3880 cilento.

360 3958 388 4050 †
411 3965 485 4047 Ego
509 3980 604 4029 urso.

359 4113 387 4206 †
412 4119 485 4202 1130
508 4117 707 4186 mirandus,

1115 4663 1397 4756 MCXLVI

1094 4909 1153 4984 A.
1180 4906 1237 4982 D.
1265 4905 1391 4984 1050

357 5205 448 5300 †In
470 5207 612 5275 nomine
635 5205 768 5274 domini
791 5205 970 5274 tricesimo
993 5205 1100 5274 tertio
1124 5224 1218 5274 0000
1241 5205 1464 5294 principatus
1485 5203 1605 5274 domui
1632 5205 1754 5274 nostri¹
1769 5205 1980 5283 Guaimari‚
2007 5208 2052 5272 nt
2073 5205 2167 5275 duo-

313 5362 447 5431 decimo
470 5380 563 5430 anno
586 5361 736 5428 ducatus
759 5359 835 5427 eius
857 5359 995 5428 amalfis
1018 5362 1055 5427 et
1077 5359 1238 5438 sirrenti,
1265 5361 1310 5427 Et
1332 5378 1423 5426 nono
1446 5377 1540 5428 0000
1562 5359 1787 5447 principatus
1811 5362 1847 5427 et
1870 5358 2028 5445 ipsorum
2052 5360 2163 5428 duca-

313 5521 411 5584 tuum
435 5515 555 5584 domni
577 5513 698 5601 3100111
720 5511 844 5582 eximii
867 5509 1038 5600 principis
1061 5515 1098 5596 et
1120 5512 1222 5582 ducis
1244 5510 1310 5579 filii
1326 5512 1414 5590 eius,
1441 5511 1774 5589 mensenobembri,
1793 5515 1925 5600 quarta
1948 5511 2164 5580 Indicticne.

313 5665 459 5739 Doclaho
482 5687 548 5756 030
572 5670 744 5736 Iohannes
766 5665 901 5735 domini
924 5664 1047 5753 gratia
1069 5665 1356 5753 archiepiscopus
1378 5668 1501 5735 sancte
1524 5664 1617 5733 sedis
1640 5665 1964 5754 archiepiscopatui
2001 5666 2159 5734 salerni-

313 5827 423 5905 tano,
463 5823 630 5913 quoniam
653 5820 812 5890 radolms
834 5819 1007 5906 presbiter
1029 5822 1066 5886 et
1089 5821 1198 5888 abbas
1231 5819 1325 5887 illius
1360 5819 1537 5906 quondam
1568 5817 1742 5888 dumnelli
1778 5839 1800 5888 a
1824 5822 1913 5888 nobo
1947 5805 2169 5894 fundamine,
