5372 7106
902 487 907 496 ·
991 450 1072 530 DE
1115 447 1488 530 LAPIDIBUS
1952 451 1953 454 Ὺ
2075 465 2100 537 9

346 647 450 734 Lapis
472 647 657 718 diadocon.
692 649 864 720 diadocon
901 653 994 740 lapis
1031 653 1158 722 similis
1178 657 1235 722 'est
1269 655 1408 724 berillo.
1442 653 1659 723 Utilissimus
1694 659 1748 724 est
1782 654 2063 726 divinationibus
2089 678 2154 748 per

301 821 432 890 aquam
456 807 491 868 et
516 803 787 872 adductionibus
822 807 1026 874 umbrarum
1059 806 1242 894 tamquam
1266 825 1337 874 non
1369 805 1463 874 ali-us
1486 807 1590 893 lapis.
1628 808 1799 874 Preterea
1822 809 1859 874 et
1880 807 2015 894 effigies
2039 810 2154 876 bomi-

300 975 385 1026 uum
410 959 459 1041 (1)
484 956 677 1044 diligenter
715 959 882 1028 ostendit.
920 959 965 1026 ad
990 962 1168 1026 mortuum
1193 978 1257 1027 nec
1282 960 1453 1029 adhibeas
1484 979 1564 1028 eum
1604 979 1661 1027 res
1684 959 1732 1027 sit
1755 959 1784 1027 ti
1813 962 1892 1045 (sio)
1916 963 2010 1030 enim
2026 945 2159 1030 'detun-

300 1107 367 1178 ctis
391 1111 455 1194 (2).

343 1267 449 1352 Lapis
470 1267 672 1352 smaragdo.
699 1267 894 1354 Smaragdo
928 1267 1022 1356 lapis
1054 1247 1292 1355 pulcerrimus
1316 1272 1353 1336 et
1376 1269 1626 1337 validissimus.
1651 1272 1692 1336 et
1723 1269 1769 1337 ad
1802 1287 1943 1337 omnem
1966 1271 2155 1357 aquariam

298 1418 553 1488 divinationem
576 1423 841 1508 persuasionem
856 1424 965 1491 habet
984 1425 1023 1490 in
1038 1422 1134 1489 omni
1149 1421 1303 1508 negotio.
1328 1421 1563 1508 portatusque
1581 1420 1748 1522 adauget
1771 1421 2008 1488 substantiam
2024 1425 2059 1488 et
2074 1439 2152 1489 cor·

297 1591 382 1658 pore
405 1575 442 1640 et
463 1593 661 1644 sermonem
685 1557 783 1646 caste
806 1579 923 1645 abtus.
949 1575 1106 1644 Maxime
1130 1581 1248 1644 autem
1271 1577 1411 1645 suberit
1434 1577 1470 1643 et
1485 1576 1616 1643 liberat
1632 1594 1654 1642 a
1669 1575 1948 1661 tempestatibus.
1968 1577 2058 1645 Nam
2076 1577 2153 1666 qui-

296 1746 446 1818 cumque
470 1731 661 1818 periecerit
675 1733 712 1799 et
734 1731 997 1799 consecraverit
1012 1749 1093 1798 eum
1109 1732 1202 1798 omui
1225 1729 1328 1797 modo
1344 1729 1538 1816 imperavit
1561 1729 1766 1797 libertatem
1785 1731 1848 1813 (3).
1872 1730 2017 1816 Oportet
2032 1733 2150 1829 autern

294 1901 375 1950 eum
398 1883 568 1970 perficere
590 1883 653 1951 sic.
680 1883 872 1969 addeptum
895 1881 1066 1969 lapidem.
1088 1881 1192 1968 jubes
1216 1881 1373 1968 sculpire
1408 1885 1630 1950 scarabeum.
1655 1884 1715 1968 (4)
1739 1881 1867 1950 deinde
1898 1887 1963 1950 sub
1986 1887 2150 1951 ventrem

293 2036 370 2123 ejus
392 1989 544 2106 stantem
568 2037 707 2105 isidem.
733 2039 855 2123 postea
878 2036 1117 2124 pertundetur
1133 2035 1171 2102 iu
1187 2035 1463 2122 longitudinem.
1482 2039 1579 2103 Tunc
1598 2039 1717 2104 autem
1742 2036 1887 2103 fibulam
1912 2035 2057 2104 missam
2073 2036 2152 2106 dico

292 2196 396 2280 porta
419 2195 638 2261 consecrato.
665 2194 714 2276 (5)
740 2195 777 2260 et
801 2193 855 2259 fac
880 2193 995 2258 locum
1021 2189 1201 2278 quendam
1233 2191 1366 2257 bonum
1396 2188 1587 2275 preparari
1612 2191 1648 2255 et
1671 2189 1807 2256 ornari.
1835 2192 1873 2256 tu
1899 2189 1949 2276 (6)
1973 2193 2009 2257 et
2032 2194 2155 2260 cetera

294 2367 374 2436 quae
399 2349 463 2413 tua
485 2347 581 2413 sunt.
606 2348 643 2413 et
666 2345 798 2413 videbis
821 2343 977 2430 gloriam
1000 2342 1131 2428 lapidis
1155 2361 1262 2430 quam
1286 2342 1320 2410 ei
1344 2343 1432 2410 deus
1454 2343 1640 2410 concessit.

338 2499 443 2587 Lapis
466 2499 627 2567 corallio.
653 2499 803 2567 corallio
826 2497 1003 2565 maximas
1026 2497 1132 2564 habet
1155 2499 1262 2563 vires.
1281 2499 1317 2562 et
1333 2497 1513 2580 magicam
1537 2491 1802 2563 tractationem.
1820 2499 1857 2562 et
1871 2497 1909 2564 iu
1932 2497 2068 2583 majora
2084 2516 2145 2568 ue·

291 2656 389 2742 gotia
411 2655 603 2721 moventes.
629 2655 691 2720 Est
714 2653 810 2721 enirn
835 2656 957 2719 tenax.
983 2653 1019 2717 et
1041 2653 1163 2717 omnia
1187 2646 1331 2737 repellit
1346 2651 1396 2734 (7)
1413 2648 1630 2716 somniorum
1649 2649 1769 2717 lubria
1794 2651 1872 2733 (sic)
1888 2667 1951 2717 suo
1968 2651 2140 2718 remedie.

291 2809 486 2874 Maximum
510 2808 629 2873 autem
654 2807 891 2872 tutamentum
916 2803 1086 2870 adversus
1102 2803 1176 2869 iras
1199 2801 1440 2870 dominorum.
1465 2803 1643 2888 sculptum
1662 2804 1712 2886 (8)
1729 2821 1857 2870 nomen
1881 2803 2058 2872 noctiluce
2073 2806 2141 2872 hoc

291 2963 346 3027 est
367 2961 505 3028 haecate
527 2959 682 3044 signum.
710 2961 774 3025 aut
796 2957 965 3044 gorgonis
981 2957 1031 3040 (9)
1048 2973 1250 3042 personam.
1268 2955 1436 3024 Portatus
1460 2960 1580 3024 autem
1604 2975 1686 3024 eum
1710 2975 1903 3044 numquam
1926 2957 2090 3044 capietur

291 3116 389 3184 nullo
411 3114 680 3182 medicamento.
707 3131 771 3180 nec
796 3133 815 3178 a
838 3111 1010 3180 fulminea
1034 3114 1162 3179 umbra
1189 3109 1361 3178 immissa.
1383 3113 1424 3178 et
1448 3110 1484 3178 io
1509 3111 1605 3178 bella
1638 3126 1776 3199 quoque
1800 3115 1836 3178 et
1859 3130 1997 3198 pugnas
2020 3115 2137 3182 maui-¹

291 3290 388 3338 mum
412 3269 630 3356 adjutorium
645 3271 711 3337 est.
730 3271 929 3337 iniunctum
953 3267 1082 3334 efficax
1097 3269 1134 3334 et
1156 3268 1465 3353 impenetrabilem
1489 3265 1564 3334 sine
1579 3265 1707 3334 timore
1722 3269 1758 3332 et
1772 3269 1850 3334 sine
1866 3265 2054 3337 tristitiam
2073 3269 2150 3354 (10)

290 3427 328 3492 et
349 3442 511 3491 securum
535 3425 622 3490 tacit
644 3425 847 3508 gestantem
871 3440 965 3488 eum.
992 3425 1029 3488 et
1051 3422 1191 3489 facilem
1229 3423 1500 3510 impetrantem.
1527 3423 1565 3486 et
1587 3420 1770 3488 introitum
1802 3423 1908 3490 facile
1935 3424 2139 3490 habentem.

331 3731 380 3812 (i)
402 3733 439 3792 A.
462 3756 473 3787 ι
497 3732 615 3810 effigies
637 3729 841 3792 daemonum.
867 3754 879 3786 ι

333 3876 380 3958 (9)
402 3877 438 3939 Ρ.
461 3897 478 3938 e
500 3877 538 3937 A.
566 3901 577 3932 ι
602 3875 642 3936 ad
663 3881 824 3938 mortuum
846 3893 885 3935 ne
907 3873 1059 3937 adhibeas
1095 3894 1193 3945 eum,
1228 3873 1349 3936 resistit
1369 3875 1454 3934 enim
1484 3871 1642 3936 defunctis
1666 3897 1693 3935 ι.
1716 3909 1757 3922 -·
1776 3875 1837 3938 Nel
1857 3877 1934 3939 P.e
1966 3877 2041 3938 uell’
2055 3879 2094 3940 A.
2122 3879 2153 3940 si

292 4021 423 4100 leggono
444 4022 523 4102 dopo
545 4021 709 4097 defunctis
729 4020 759 4081 le
780 4019 926 4096 seguenti
947 4017 1079 4097 parole:
1107 4043 1119 4076 r
1143 4020 1225 4080 Nam
1246 4019 1416 4082 desursum
1437 4025 1485 4081 est
1507 4026 1539 4082 et
1559 4026 1688 4082 sanctus
1709 4022 1768 4084 iste
1790 4023 1882 4103 lapis,
1906 4027 1937 4084 et
1959 4024 2141 4086 sanctitica-

290 4171 342 4228 tue
363 4171 523 4247 perpetua
544 4165 778 4227 consecratione
802 4183 830 4235 »ς
853 4163 912 4224 che
934 4183 1086 4225 mancano
1107 4164 1159 4226 nel
1181 4169 1289 4226 nostro
1310 4165 1437 4227 Codice.

331 4311 380 4392 (3)
402 4312 438 4374 Ρ.
462 4310 502 4370 ed
523 4311 561 4372 A.
590 4333 602 4368 r
626 4309 824 4391 impetrabit.
850 4333 862 4365 ι

331 4456 380 4538 (l)
401 4457 438 4517 P.
462 4457 501 4517 ed
523 4457 560 4518 A.
588 4481 600 4514 ι
625 4456 759 4536 adeptus
780 4455 929 4536 lapidem,
949 4454 1030 4533 jube
1053 4455 1202 4534 sculpere
1223 4435 1461 4516 scarabeum.»

330 4599 379 4680 (5)
401 4601 437 4662 P.
465 4623 477 4656 ι
501 4599 590 4661 Tunc
610 4603 718 4661 autem
741 4596 775 4659 in
796 4598 929 4660 fibulam
951 4599 1085 4660 missurn
1107 4596 1224 4670 dicato,
1247 4603 1348 4678 porta,
1366 4601 1560 4669 consecrata
1579 4619 1590 4652 a
1609 4631 1649 4644 —-
1663 4597 1701 4658 A.
1729 4623 1741 4654 ι
1767 4599 1855 4662 Tunc
1877 4605 1984 4662 autem
2008 4621 2142 4667 auream

290 4745 422 4806 fibulam
442 4744 616 4808 immittens
636 4745 670 4806 iu
690 4745 775 4806 dicto
795 4749 898 4824 porta,
921 4749 1152 4806 consecratum.
1177 4767 1190 4799 o

330 4890 379 4972 (6)
403 4891 438 4952 P.
465 4915 477 4947 ι
500 4895 533 4950 et
553 4907 666 4952 ornare
687 4895 734 4960 tu,
757 4895 826 4951 ct...
850 4907 1009 4968 quamque
1032 4889 1061 4948 ei
1082 4889 1167 4950 Deus
1191 4888 1383 4950 concessit»
1411 4889 1449 4950 A.
1477 4912 1489 4945 r
1512 4893 1544 4950 et
1566 4905 1680 4950 ornare
1702 4894 1732 4950 te
1755 4893 1798 4951 et.
1824 4912 1837 4944 a

330 5033 379 5115 (7)
400 5035 436 5096 P.
463 5057 475 5090 a
500 5031 679 5114 expellit.»

330 5178 377 5260 (8)
400 5179 439 5240 A.
466 5204 478 5236 ι
501 5178 693 5258 insculptum
716 5201 743 5239 ι.

329 5322 378 5404 (9)
400 5323 435 5384 Ρ.
462 5347 475 5380 r
500 5321 658 5402 Gur-genis
678 5341 845 5404 personam
866 5327 1006 5402 portans,
1029 5341 1204 5403 numquam
1227 5325 1372 5404 capietur
1395 5343 1412 5384 a
1434 5323 1521 5384 nullo
1543 5323 1826 5398 medicamento...;
1848 5331 1881 5388 ct
1902 5329 1935 5389 in
1956 5327 2042 5389 bello
2063 5347 2144 5408 quo-

289 5488 351 5550 que
373 5473 405 5530 et
427 5489 533 5550 pugna
557 5493 569 5525 ι
593 5503 634 5514 -
653 5471 691 5531 A.
720 5475 809 5531 «aut
831 5471 988 5549 Gurgonis
1008 5489 1201 5551 personam
1235 5477 1365 5552 portans
1387 5477 1494 5540 autem
1517 5491 1590 5534 eum
1611 5493 1784 5554 numquam
1807 5477 2020 5554 capietur...;
2052 5477 2085 5535 et
2105 5475 2141 5535 in

287 5615 374 5679 hello
395 5637 520 5697 quoque
543 5621 574 5678 et
594 5635 713 5696 pugna.
739 5639 752 5673 ι

328 5761 398 5842 (10)
424 5786 436 5818 ι
460 5766 492 5822 et
513 5762 581 5822 sine
602 5759 766 5822 tristitiam
789 5779 889 5850 utnon
910 5760 937 5824 si
960 5761 1052 5840 legge
1072 5759 1125 5822 nel
1146 5760 1245 5824 Pitra.

381 5883 455 5925 rou.
472 5883 514 5924 ru
