5372 7106
1008 487 1408 568 lthLOMl'l'lGUS
1843 591 1850 604 .
2011 483 2084 560 211

269 689 533 780 septemtrionis
556 690 637 760 linis
661 690 720 760 via
742 689 838 760 iusta
861 689 939 778 ipsa
962 687 1023 757 via
1048 686 1367 778 reclamensurati
1391 683 1497 772 pedes
1527 681 1659 768 biginti
1694 681 1860 772 quinque
1900 689 1937 751 et
1960 683 2128 752 medium.

271 845 326 913 Ab
348 843 487 912 oriente
510 844 616 930 pedes
639 843 792 930 triginta
813 861 889 912 sex.
917 844 948 910 A
972 831 1119 910 meridie
1142 827 1222 909 linis
1246 839 1338 908 facie
1362 839 1406 906 de
1432 856 1535 906 muro
1561 839 1681 905 vetere
1704 836 1808 906 istius
1831 837 2002 914 civitatis,
2039 837 2132 908 iusto

271 996 349 1083 ipso
372 1015 503 1072 muro,
543 995 649 1082 pedes
674 994 739 1062 alii
762 994 893 1082 viginti
916 993 1073 1082 quinque
1096 997 1133 1062 61
1155 992 1324 1061 medium.
1353 993 1407 1060 Ab
1445 991 1628 1060 occidente
1651 991 1730 1059 finis
1757 994 1860 1060 terra
1896 991 2132 1080 suprascripti

270 1147 392 1218 domni
416 1147 593 1236 guidoni,
617 1149 655 1215 61
678 1145 760 1216 inde
782 1147 889 1234 pedes
911 1145 1065 1230 triginta
1087 1148 1179 1222 octo;
1204 1147 1270 1213 beo
1294 1105 1467 1222 hordine,
1493 1144 1540 1212 ud
1564 1145 1688 1212 amodo
1712 1148 1749 1211 61
1773 1162 1885 1232 usque
1911 1143 2041 1232 biginti
2068 1163 2129 1212 no·

271 1305 352 1372 bem
375 1304 461 1370 anni
484 1304 651 1389 complcti
676 1301 857 1388 integram
880 1299 1160 1388 suprascriptam
1200 1300 1429 1369 traditionem
1468 1299 1603 1368 illicet
1630 1299 1783 1368 illorum
1822 1299 2014 1368 heredibus
2048 1301 2134 1368 illut

238 1527 245 1538 ,
271 1455 395 1522 tenere
414 1502 423 1532 ,
447 1453 718 1532 6116111616,
742 1455 780 1521 61
802 1471 887 1522 cesa
909 1452 1036 1522 iridem
1060 1453 1179 1532 lacere
1197 1403 1214 1532 ,Ι
1230 1455 1268 1520 61
1290 1453 1518 1522 mineaneum
1542 1469 1650 1538 super
1679 1451 1757 1539 ipsa
1780 1452 1902 1538 platea
1925 1451 2065 1522 iaciant
2089 1453 2134 1520 de

272 1603 422 1676 latitudo
445 1607 552 1696 pedes
574 1611 740 1694 quatuor,
764 1609 801 1674 61
822 1606 1049 1692 longitudine
1072 1608 1247 1694 quantum
1271 1605 1350 1692 ipsa
1372 1602 1565 1674 traditione
1588 1605 1683 1674 iusta
1706 1603 1785 1690 ipsa
1808 1604 1867 1672 via
1891 1607 1968 1674 lata
1993 1609 2059 1674 est.
2093 1609 2133 1673 et

239 1855 246 1870 ·
271 1761 346 1830 illis
368 1763 405 1831 et
427 1761 572 1830 illorum
594 1761 784 1830 heredibus
807 1760 1053 1848 suprascripta
1091 1759 1283 1830 traditione
1306 1761 1457 1837 tenere,
1483 1763 1520 1827 61
1544 1760 1702 1828 residere
1727 1808 1735 1838 ,
1776 1763 1813 1828 61
1836 1762 1881 1829 ad
1905 1761 2133 1829 residendum

272 1916 356 1984 illut
377 1917 487 1986 deant
509 1917 567 1984 cui
592 1917 784 1994 boluerint‚
809 1915 909 1984 fovee
932 1917 970 1983 et
990 1915 1105 1984 omnis
1128 1915 1275 1984 illorum
1300 1912 1469 1984 utilitatis
1493 1915 1589 1983 iusta
1618 1915 1760 1984 ratione
1785 1915 1914 1983 ividem
1939 1915 2071 1984 iacere:
2097 1919 2135 1984 61

273 2070 398 2140 amodo
421 2072 459 2138 et
481 2089 592 2158 usque
616 2070 693 2158 ipso
717 2071 947 2138 constitutum
971 2071 1187 2156 completum
1211 2069 1256 2138 de
1278 2069 1526 2156 suprascripta
1550 2067 1764 2136 tradictione
1787 2069 1950 2155 quicquit
1973 2069 2134 2142 seditura

273 2226 310 2292 et
331 2223 510 2293 dationem
533 2223 616 2292 inde
640 2224 715 2292 illis
737 2229 773 2291 et
796 2224 940 2294 illorum
962 2222 1153 2293 herodibus
1176 2225 1306 2291 tollere
1328 2224 1368 2291 61
1390 2224 1498 2290 abere
1537 2221 1748 2308 potuerint,
1788 2221 1932 2292 illorum
1966 2223 2015 2290 sit
2037 2228 2137 2311 pote·

273 2379 345 2446 stas
368 2378 570 2446 laciendum
595 2397 664 2466 que
688 2378 879 2454 boluerint‚
897 2381 1031 2466 absque
1055 2381 1179 2447 nostra
1201 2377 1475 2447 contrarietate.
1501 2378 1653 2444 Tantum
1677 2395 1741 2462 per
1764 2393 1868 2444 omne
1898 2395 2034 2445 annum
2057 2379 2134 2447 illis

273 2531 454 2596 eteorum
476 2530 668 2598 heredibus
691 2529 817 2598 amodo
842 2531 879 2598 61
902 2548 1012 2618 usque
1049 2529 1126 2618 ipso
1148 2529 1384 2598 constitutum
1408 2529 1624 2615 completum
1664 2527 1707 2594 de
1738 2528 1983 2618 suprascripta
2020 2531 2135 2600 tradi-

273 2681 369 2750 tione
392 2681 501 2749 deant
523 2682 664 2762 michi,
689 2701 751 2750 seu
774 2683 814 2752 in
836 2685 939 2770 parte
963 2683 1123 2770 predicte
1146 2681 1318 2758 ecclesie,
1343 2699 1488 2750 censum
1512 2680 1596 2748 auri
1621 2679 1694 2747 tari
1718 2680 1801 2750 boni
1825 2681 1956 2768 biginti
1985 2701 2063 2752 661.
2089 2689 2136 2753 Et

273 2835 311 2904 in
334 2835 507 2904 nativitas
529 2835 676 2914 domini,
703 2840 740 2904 61
762 2836 801 2904 in
824 2837 938 2924 paska
962 2835 1235 2904 resurrectionis
1259 2834 1392 2903 domini
1415 2834 1525 2904 deant
1548 2835 1673 2908 michi.
1698 2854 1761 2904 seu
1784 2835 1823 2904 in
1846 2839 1949 2923 parte
1972 2839 2134 2924 predicte

273 2990 434 3068 ecclesie,
459 3008 564 3058 omne
585 3007 679 3059 anno
704 3009 814 3078 usque
830 2990 905 3077 ipso
921 2989 1154 3059 constitutum
1177 3005 1243 3074 per
1267 3005 1443 3074 anaeque,
1462 3007 1532 3074 que
1555 2987 1749 3056 festivitate
1772 2988 1946 3076 cingnula
1970 2994 2064 3060 bona
2080 2991 2135 3060 iu-

273 3142 396 3219 daika‚
422 3144 463 3210 ut
484 3144 540 3210 est
561 3141 776 3210 consuetudo
799 3141 968 3210 dandum.
1009 3141 1056 3210 ad
1080 3141 1295 3228 completum
1320 3138 1397 3226 ipso
1419 3141 1650 3208 constitutum
1686 3140 1802 3210 licead
1825 3143 1901 3211 illis
1924 3147 1962 3212 61
1986 3146 2134 3216 illorum

273 3293 489 3372 heredibus,
513 3298 550 3363 61
571 3296 733 3364 homines
756 3314 844 3383 quos
866 3295 998 3364 ividem
1021 3296 1067 3364 ad
1092 3293 1318 3364 residendum
1342 3292 1418 3362 illis
1441 3292 1632 3370 miserint,
1669 3294 1752 3364 inde
1784 3296 1887 3365 exire
1910 3317 1992 3367 cum
2015 3299 2151 3370 omnis

273 3449 419 3518 illorum
442 3467 547 3520 causa
571 3449 729 3527 mobilia,
754 3453 791 3516 61
813 3450 869 3518 116
891 3469 972 3519 cum
996 3449 1087 3518 illud
1112 3448 1172 3518 ubi
1195 3451 1405 3526 boluerint‚
1430 3451 1563 3538 absque
1586 3451 1845 3520 contrarietate
1869 3471 1977 3532 mea,
2003 3471 2065 3522 seu
2089 3454 2134 3523 de

274 3603 378 3689 parte
401 3601 559 3687 predicte
582 3601 798 3681 6661661661
820 3601 1005 3672 licentiam
1027 3603 1161 3670 abeant
1183 3599 1258 3669 illis
1281 3603 1319 3669 61
1340 3601 1488 3670 illorum
1512 3601 1706 3670 heredibus
1729 3603 1812 3672 inde
1841 3605 1981 3690 esigere
2005 3609 2043 3674 et
2066 3610 2136 3676 tol·

273 3757 347 3824 lere
370 3758 446 3824 tota
468 3756 547 3844 ipsa
570 3756 810 3844 lingnamina‚
835 3759 873 3824 61
894 3758 1081 3844 portarent
1102 3755 1177 3825 illis
1199 3756 1266 3824 illa
1291 3758 1350 3825 ubi
1375 3757 1565 3835 boluerint‚
1598 3759 1733 3843 absque
1757 3759 2015 3829 contrarietate
2039 3779 2133 3841 mea,

272 3909 375 3978 etde
399 3929 483 3998 pars
506 3911 665 3997 predicte
687 3911 850 3979 ecclesie.
875 3915 912 3979 61
934 3911 1103 3998 guadiam
1128 3909 1238 3979 michi
1261 3911 1438 3980 dederunt
1460 3911 1497 3978 et
1519 3909 1764 3980 fideiussorem
1804 3913 1913 3982 michi
1937 3919 2137 4001 posuerunt

273 4061 411 4150 seipsis.
437 4061 474 4132 61
496 4081 560 4151 per
584 4063 663 4152 ipsa
684 4062 820 4151 guardia
842 4062 1098 4150 obligaverunt
1118 4081 1157 4130 se
1180 4065 1216 4131 61
1239 4063 1385 4131 illorum
1407 4062 1582 4141 heredes,
1607 4062 1754 4152 quodsi
1777 4065 1901 4134 taliter
1938 4071 2136 4139 6111116611-

273 4213 479 4301 prascripta
503 4232 567 4302 per
588 4213 794 4301 supradicto
817 4213 970 4302 bordino
994 4215 1116 4293 michi,
1134 4233 1233 4284 scum
1257 4217 1301 4283 ad
1326 4235 1411 4304 pars
1426 4215 1586 4304 predicte
1612 4216 1761 4286 ecclesie
1786 4237 1856 4287 non
1872 4219 2139 4307 adimpleverit

273 4369 311 4435 et
326 4366 461 4455 aliquit
475 4365 606 4435 exinde
629 4367 905 4446 contradixerit,
929 4385 995 4455 per
1016 4363 1277 4437 combenientia
1301 4385 1366 4456 per
1388 4369 1466 4455 ipsa
1489 4369 1627 4455 guadia
1650 4391 1860 4460 componere
1883 4373 2138 4460 obligaverunt

272 4535 309 4588 se
331 4523 369 4587 61
391 4520 537 4590 illorum
561 4520 711 4590 heredes
736 4519 845 4588 michi
869 4521 926 4589 vel
949 4521 994 4590 ad
1017 4539 1236 4590 successores
1260 4541 1369 4602 meos,
1395 4541 1456 4592 seu
1482 4525 1528 4593 ad
1553 4543 1637 4612 pars
1660 4525 1819 4612 predicte
1842 4527 2003 4604 ecclesie,
2032 4527 2138 4616 quin-

272 4674 451 4762 quaginta
473 4678 555 4747 auri
578 4675 708 4745 solidos
731 4675 986 4744 constantines.
1011 4676 1104 4764 quod
1126 4676 1254 4764 scripsi
1277 4695 1344 4764 ego
1367 4683 1491 4764 petrus
1514 4681 1688 4748 notarius.

324 4825 352 4916 †
376 4829 451 4912 Ego
473 4829 616 4895 amatus
641 4827 801 4896 notarius
824 4846 882 4894 me
905 4827 1112 4914 subscripsi.

324 4978 351 5074 †
376 4982 450 5068 llgo
473 4980 645 5050 iohannes
666 4981 825 5049 notarius
849 4999 905 5050 me
927 4981 1131 5068 subscripsi.
