5398 7106
637 493 708 573 2ss
1270 497 1446 574 CO‘DEX
1473 499 1746 578 GAVENSIS

589 647 762 762 nominati
784 692 956 762 iohannes
979 697 1017 762 et
1038 693 1224 764 deusdedit
1245 696 1422 783 presbiter
1445 699 1483 764 et
1505 695 1758 783 primicerius,
1783 715 1872 765 vene
1894 715 1957 765 sue
1980 701 2022 765 bn
2037 695 2189 765 luntatis
2210 709 2274 784 per
2297 699 2436 765 combe-

588 846 723 914 nientie
744 845 871 916 ordine
893 847 989 915 iusta
1010 849 1128 934 legem
1152 847 1475 918 manifestaberunt
1496 869 1535 918 se
1559 850 1649 918 mihi
1671 849 1716 918 de
1739 851 1817 937 ipsa
1840 849 2012 919 iamdicta
2053 854 2158 920 rebus
2182 868 2262 918 mea
2285 850 2329 917 de
2352 849 2442 918 iarn-

587 998 681 1068 dioto
704 999 781 1069 loco
806 1004 932 1078 baneo,
957 1003 1051 1069 siout
1073 1019 1149 1069 esse
1173 1002 1326 1082 videtur,
1352 1005 1451 1072 Inna
1473 1023 1513 1072 ec
1535 1007 1636 1072 fines:
1661 1005 1704 1072 de
1719 1024 1801 1072 una
1821 1007 1925 1092 parte
1947 1005 2017 1072 fine
2041 1005 2099 1072 bia
2121 1005 2276 1092 publica,
2302 1004 2347 1071 de
2370 1021 2440 1071 su·

587 1175 699 1243 prano
722 1155 840 1244 capite
862 1157 932 1223 llne
956 1157 1061 1224 rebus
1085 1157 1276 1234 domnica,
1311 1157 1405 1224 sicut
1427 1155 1651 1224 termitatum
1676 1158 1754 1234 est3
1789 1155 1833 1223 de
1856 1155 1932 1222 alia
1953 1157 2057 1242 parte
2078 1155 2148 1222 dne
2171 1155 2247 1240 ipso
2277 1155 2436 1231 ballone,

568 1287 647 1395 'qui
670 1309 803 1390 dicitur
825 1309 873 1377 da
895 1309 1189 1405 ipsalealcarola,
1216 1309 1312 1377 unde
1335 1277 1439 1396 aqua¹
1453 1309 1624 1388 decurrit3
1649 1307 1693 1376 de
1716 1307 1791 1376 alia
1812 1309 1916 1394 parte
1938 1307 2009 1374 dne
2034 1309 2139 1374 rebus
2163 1305 2238 1374 ursi
2262 1305 2435 1392 magistri

585 1459 759 1530 fictiliarii
780 1463 844 1530 lilii
867 1465 981 1548 (deest
1004 1465 1150 1547 nomen)
1173 1468 1211 1532 et
1234 1465 1303 1532 fine
1326 1467 1433 1532 rebus
1456 1463 1552 1550 petri
1574 1463 1641 1531 lilii
1663 1462 1771 1551 (deest
1794 1463 1951 1544 nemea),
1975 1461 2069 1528 sicut
2091 1479 2174 1548 sepe
2196 1461 2373 1538 decernite
2391 1461 2436 1528 de

586 1619 661 1686 alia
683 1622 786 1705 parte
808 1619 879 1685 dne
903 1622 1008 1687 rebus
1031 1620 1187 1705 ipsorum
1213 1619 1383 1688 iohannis
1409 1622 1445 1687 et
1467 1618 1654 1687 deusdedit
1675 1615 1851 1705 presbiter
1882 1619 1919 1684 et
1942 1613 2195 1716 primicerius,
2231 1615 2323 1683 sieut
2354 1632 2437 1702 sepe

586 1771 757 1848 decernit,
782 1772 918 1843 abinde
941 1773 1102 1861 qualiter
1125 1773 1225 1841 vadit
1249 1773 1290 1841 in
1312 1773 1452 1860 priores
1473 1774 1572 1840 lines.
1599 1773 1697 1840 lnlra
1718 1788 1839 1841 omues
1862 1769 2050 1872 iamdictns
2072 1770 2187 1846 fines,
2220 1769 2314 1836 siout
2335 1786 2438 1856 supe-

587 1923 663 1992 rius
681 1924 857 2011 legitur,
882 1925 926 1992 de
949 1944 995 1992 ex
1018 1925 1142 1994 eadem
1166 1929 1272 1993 rebus
1294 1926 1422 2012 quibus
1444 1925 1658 2011 prelegitur,
1683 1924 1751 2010 ipsi
1772 1920 2057 2011 supranominati
2081 1921 2254 1988 iohannes
2276 1923 2314 1986 et
2336 1919 2438 1987 deus-

586 2077 683 2145 dedit
703 2076 879 2164 presbiter
909 2080 947 2145 et
969 2077 1195 2164 primicerius
1219 2077 1308 2146 mihi
1331 2096 1369 2146 se
1384 2077 1716 2154 manifestaberunt,
1730 2076 1778 2143 ud
1792 2073 1985 2163 aliquando
2009 2077 2166 2160 tempore
2190 2091 2255 2141 neo
2271 2073 2357 2160 ipsis
2372 2091 2438 2140 nec

587 2233 730 2298 illorum
753 2231 923 2300 eredibus
948 2231 1077 2300 exinde
1101 2251 1266 2310 mecum,
1303 2250 1418 2319 neque
1441 2249 1523 2298 cum
1549 2232 1639 2297 mels
1661 2229 1825 2296 eredibus
1847 2245 1996 2295 causare
2019 2222 2080 2294 au't
2101 2227 2314 2294 contendere
2336 2227 2437 2294 nullo

586 2383 687 2450 modo
709 2383 847 2461 debeat,
872 2402 938 2451 nec
966 2401 1030 2469 per
1052 2385 1174 2460 testes,
1201 2401 1265 2449 nec
1289 2401 1354 2469 per
1376 2383 1575 2459 monimen,
1602 2400 1667 2449 nec
1689 2399 1754 2466 per
1776 2381 1909 2448 nullam
1933 2381 2093 2468 qualibet
2115 2381 2262 2447 inbenta
2284 2377 2437 2448 ratione.

586 2537 675 2624 quod
697 2539 728 2606 si
751 2537 954 2642 aliquando
968 2541 1126 2623 tempore
1150 2535 1235 2623 ipsis
1258 2535 1547 2623 supranominati
1589 2535 1762 2603 iohannes
1778 2539 1822 2602 st
1843 2533 2027 2603 deusdedit
2049 2534 2224 2622 presbiter
2255 2537 2292 2600 et
2313 2533 2438 2618 primi·

585 2689 714 2765 cerius,
740 2691 798 2758 vel
822 2690 964 2758 illorum
988 2689 1167 2767 eredibus,
1184 2707 1230 2757 ex
1255 2689 1419 2776 predicta
1441 2691 1547 2758 rebus
1570 2709 1661 2766 mea,
1685 2707 1822 2757 meeum
1846 2691 1910 2756 aut
1933 2707 2013 2755 cum
2037 2705 2132 2755 meos
2147 2686 2271 2755 eredes
2286 2704 2437 2755 causare

586 2848 650 2911 aut
672 2843 886 2911 contendere
909 2843 1190 2928 presumserint,
1231 2861 1295 2928 per
1319 2842 1570 2930 qualicumque
1593 2842 1740 2909 inbenta
1763 2840 1902 2908 ratione
1925 2839 2144 2927 querendum
2162 2840 2269 2907 ¹nobis
2293 2840 2424 2908 exinde

586 2998 715 3086 aliquit
736 2998 865 3065 tollere
888 3000 953 3064 aut
976 2998 1170 3073 contrare,
1196 2997 1253 3063 vel
1277 2995 1520 3071 amminuare;
1546 2995 1624 3061 ldeo
1647 2996 1731 3061 ante
1753 2989 1871 3060 omnia
1893 2991 2157 3080 quinquaginta
2180 2992 2311 3061 solidos
2333 2993 2436 3062 aurei

585 3152 827 3221 constantines
850 3151 935 3219 voni
957 3151 1047 3238 ipsis
1071 3148 1269 3237 supradicti
1292 3149 1446 3217 iohanne
1469 3151 1506 3216 et
1528 3147 1713 3216 deusdedit
1735 3147 1910 3236 presbiter
1933 3151 1969 3215 et
1984 3147 2209 3234 primicerius
2232 3149 2269 3215 et
2284 3147 2430 3215 illorum

586 3307 750 3379 eredib'rs
775 3303 863 3373 mihi
887 3307 1045 3394 meisque
1069 3304 1259 3372 heredibus
1281 3322 1374 3391 pena
1397 3321 1606 3390 componere
1628 3301 1799 3390 obligabi,
1824 3304 1861 3369 et
1882 3302 1922 3370 in
1944 3303 2052 3370 antea
2074 3321 2138 3388 per
2161 3298 2282 3370 invitis
2305 3301 2437 3372 exinde

588 3462 759 3532 adversus
781 3479 842 3531 ros
860 3479 1008 3549 semper
1031 3461 1152 3528 tacitis
1175 3462 1213 3526 et
1234 3459 1412 3528 contentis
1444 3461 1653 3545 permaneat
1686 3476 1750 3544 per
1772 3456 1942 3526 iamdicta
1976 3477 2070 3547 pena
2091 3457 2264 3544 obligata.
2305 3462 2350 3526 nt
2371 3461 2458 3529 hoc-

586 3621 692 3689 brebe
714 3615 857 3704 scripsit
879 3631 948 3703 ego
970 3585 1069 3685 lusco
1094 3613 1465 3682 harchisubdiaconus
1487 3615 1525 3680 et
1546 3613 1708 3681 notarius
1730 3615 1767 3680 et
1789 3612 1951 3680 interlui.

629 3773 656 3862 †
680 3774 754 3858 Ego
777 3771 838 3858 qui
862 3787 972 3856 supra
995 3767 1197 3856 iaqulntns.

629 3923 658 4015 †
681 3927 755 4011 ugo
778 3924 961 3992 iohannes.
989 3919 1018 4006 ¹)

1411 4337 1639 4420 Moxer
1740 4302 1742 4315 '

1369 4583 1429 4657 Α.
1458 4580 1515 4654 D.
1545 4581 1671 4656 1054

737 4760 744 4800 t

636 4842 726 4933 †ln
749 4842 891 4910 nomine
914 4840 1048 4909 domini
1071 4841 1281 4910 duodecimo
1307 4861 1403 4908 anno
1428 4841 1651 4928 principatus
1675 4839 1793 4908 domni
1816 4839 1930 4908 nostri
1954 4839 2071 4926 gisulfi
2083 4837 2229 4925 gloriosi
2253 4835 2438 4924 principis,

589 5011 709 5063 mense
735 4995 954 5073 februarius,
972 4993 1123 5081 septima
1148 4993 1365 5062 indictione.
1391 4996 1465 5080 Ego
1488 4995 1669 5062 muscatus
1691 4991 1824 5060 domini
1839 4991 1959 5078 gratia
1974 4993 2137 5059 abbatem
2154 4989 2301 5058 ecclesie
2322 4989 2440 5058 sancti

592 5129 714 5232 angeli
737 5148 774 5212 et
795 5151 917 5213 sancte
940 5147 1026 5214 solie
1049 5146 1092 5214 de
1116 5146 1214 5214 intus
1239 5165 1308 5213 anc
1335 5099 1590 5214 salernitanam
1616 5143 1811 5219 cibitatem,
1836 5143 2038 5231 pertinente
2059 5143 2103 5211 de
2118 5141 2240 5210 eredes
2263 5142 2440 5229 quondam

592 5297 741 5382 paldulli
764 5295 928 5373 comitis,
955 5316 1090 5364 mecum
1115 5297 1257 5364 adesset
1279 5297 1527 5364 adbocatorem
1551 5296 1664 5363 eidem
1689 5295 1860 5372 ecclesie,
1886 5313 1949 5380 per
1972 5294 2232 5362 combenientia
2254 5297 2339 5362 ante
2363 5294 2439 5361 ido-

591 5451 668 5518 neis
692 5449 826 5518 omines
849 5451 894 5518 ad
918 5451 1109 5518 tenendum
1133 5453 1170 5517 et
1192 5450 1429 5518 laborandum
1465 5450 1615 5518 tradidit
1627 5449 1787 5536 iaquinto
1810 5449 1881 5518 dlio
1905 5449 2026 5518 manni
2050 5449 2094 5517 de
2118 5451 2222 5518 rebus
2238 5447 2443 5537 pertinente

603 5643 932 5654 ——na—-n——n-

633 5720 656 5798 ⁴)
679 5719 757 5780 Vide
779 5718 946 5780 luc-simile
968 5719 1000 5778 in
1015 5719 1082 5779 ¹line
1103 5717 1287 5780 voluminis.
