5452 7108
622 503 644 576 t
1261 492 1440 569 CODEX
1474 490 1744 570 CAVENSIS

572 699 661 766 illut
675 697 742 764 sibi
758 697 901 773 abeant3
920 693 958 760 et
974 693 1020 761 da
1043 691 1112 780 ipsi
1135 691 1255 758 decem
1272 689 1359 758 anni
1375 689 1413 756 iu
1437 690 1545 756 antea
1567 707 1632 774 per
1654 686 1768 754 omnis
1791 704 2005 772 annum-per
2028 687 2185 772 tempore
2201 683 2244 750 de
2260 681 2438 750 bindemie

573 850 713 920 saciant
736 849 797 916 ille
821 850 884 916 het
907 867 988 915 suos
1011 846 1147 923 eredes,
1164 863 1227 912 nos
1244 843 1300 910 vel
1325 842 1487 929 partibus
1511 840 1661 928 predicti
1684 839 1892 906 monasterii
1908 842 1945 906 et
1960 839 2129 906 iamdicta
2145 857 2287 924 gemma
2302 839 2339 902 et
2353 855 2436 904 suos

575 1000 721 1076 eredes,
747 1001 787 1066 ut
809 999 941 1068 ibidem
966 998 1166 1083 dirigamus
1201 992 1348 1062 missum
1379 997 1540 1062 nostrum
1564 997 1601 1060 et
1623 993 1707 1060 illut
1736 993 1969 1071 bindemiare‚
1994 995 2056 1060 het
2086 991 2210 1060 binum
2239 990 2331 1079 quod
2354 989 2464 1058 inde.

576 1153 719 1232 exierit,
745 1172 810 1240 per
832 1152 1067 1220 medietatem
1091 1148 1274 1218 nobiscum
1297 1148 1380 1214 illut
1402 1137 1573 1216 dibidere:
1599 1149 1674 1236 ipso
1698 1149 1843 1216 missum
1866 1151 2027 1216 nostrum
2056 1147 2163 1215 tollat
2193 1145 2433 1222 medietatem,

581 1310 619 1375 et
641 1307 725 1374 illut
748 1305 990 1382 medietatem3
1016 1307 1053 1371 et
1075 1303 1154 1390 ipsa
1176 1303 1299 1368 nostra
1321 1300 1513 1368 medietate
1536 1300 1580 1368 de
1603 1299 1678 1385 ipso
1702 1299 1824 1367 binum
1848 1299 1931 1366 illut
1962 1297 2133 1364 adducant
2155 1296 2294 1364 salbum
2325 1311 2436 1380 usque

575 1465 615 1530 at
637 1460 788 1529 cellario
818 1459 930 1547 ipsius
954 1454 1165 1525 monasterii
1189 1457 1225 1521 et
1249 1453 1415 1522 iamdicte
1438 1473 1590 1540 gemme,
1616 1455 1709 1542 quod
1732 1456 1815 1522 abet
1836 1453 1875 1520 in
1897 1453 2014 1520 locum
2038 1450 2252 1518 barbaciano
2278 1447 2325 1514 da
2353 1446 2429 1532 ipso

579 1616 741 1680 mercatu
765 1613 804 1679 in
826 1613 942 1678 subto.
969 1614 1015 1678 Et
1041 1610 1196 1678 mitdant
1218 1611 1293 1696 ipso
1317 1610 1438 1677 binum
1462 1609 1500 1676 in
1523 1627 1682 1696 organea
1705 1611 1838 1684 nostra,
1864 1624 1932 1693 que
1956 1623 2020 1691 per
2043 1603 2127 1670 illut
2141 1603 2205 1668 dat
2219 1601 2433 1675 conciatum,
2540 1627 2543 1632 ·

576 1767 670 1834 sicut
692 1765 878 1843 meruerit,
904 1767 1102 1852 sequentes
1119 1764 1349 1850 binumquod
1373 1763 1504 1830 ibidem
1527 1761 1676 1838 miserit,
1702 1763 1739 1826 et
1761 1760 1836 1847 ipso
1860 1759 2004 1826 missum
2029 1760 2189 1825 nostrum
2212 1755 2295 1822 illut
2321 1753 2435 1822 nutri-

573 1931 669 1990 care,
695 1913 788 1980 sicut
810 1914 953 1982 iuxtum
978 1893 1099 1992 fuerit,
1125 1919 1162 1982 et
1184 1915 1482 2000 palmentaticum
1506 1913 1539 1980 ei
1563 1913 1672 1980 deant
1696 1911 1800 1980 iuxta
1824 1911 2009 1988 rationem,
2035 1913 2072 1977 et
2093 1909 2137 1978 de
2160 1909 2252 1997 quod
2267 1907 2317 1976 ibi
2332 1907 2436 1975 semi-

575 2064 756 2142 naberint‚
782 2063 891 2131 deant
914 2065 1017 2132 nobis
1042 2066 1255 2132 terraticum
1278 2066 1472 2132 secundum
1495 2066 1785 2132 consuetudinem
1808 2065 1851 2132 dc
1867 2065 1942 2151 ipso
1957 2065 2085 2142 locum;
2103 2066 2140 2130 et
2154 2063 2259 2150 quale
2280 2065 2437 2148 tempore

575 2219 639 2287 ille
663 2222 725 2287 het
748 2239 828 2288 suos
852 2221 975 2288 eredes
999 2221 1042 2288 de
1067 2220 1150 2308 ipsa
1174 2221 1388 2288 tradictione
1411 2222 1449 2288 iu
1473 2223 1639 2290 iamdicto
1662 2224 1787 2292 ordine
1811 2226 1933 2291 tenere
1957 2220 2162 2297 noluerint,
2188 2222 2252 2287 aut
2282 2238 2352 2286 non
2374 2237 2435 2304 po-

576 2375 724 2452 tuerint,
750 2376 858 2442 liceat
880 2375 943 2442 illc
966 2377 1028 2442 het
1051 2395 1136 2442 suos
1160 2376 1309 2444 heredes
1334 2376 1416 2443 inde
1439 2375 1541 2442 exire
1566 2395 1646 2443 cum
1669 2377 1784 2443 omnis
1818 2395 1927 2443 causa
1950 2395 2015 2442 sua
2038 2375 2196 2453 mobilia,
2214 2377 2250 2440 et
2275 2375 2354 2462 ipsa
2368 2379 2442 2442 tra-

577 2531 686 2602 dictio
709 2533 877 2599 lavorata
900 2534 937 2598 et
960 2531 1102 2598 cultata
1128 2550 1220 2598 vona
1243 2533 1279 2597 et
1301 2532 1402 2596 surta
1426 2529 1613 2596 remittant
1627 2529 1673 2596 ad
1697 2532 1836 2616 partem
1859 2491 2010 2614 predicti
2026 2529 2234 2597 monasterii
2249 2531 2285 2596 et
2300 2532 2345 2598 ad
2361 2530 2438 2618 ipsa

576 2705 718 2774 gemma
741 2690 777 2753 et
800 2689 839 2754 at
853 2704 933 2753 suos
950 2686 1087 2756 eredes.
1114 2686 1207 2752 unde
1222 2703 1286 2771 pro
1302 2685 1426 2751 taliter
1445 2703 1509 2770 per
1535 2702 1628 2750 vona
1651 2681 1911 2759 convenientia,
1937 2685 1974 2748 et
1996 2701 2069 2750 una
2092 2702 2228 2751 mecum
2244 2685 2328 2751 exet
2342 2686 2441 2751 atvo-

579 2847 737 2912 catorem
760 2843 912 2930 predicti
937 2841 1167 2918 monasterii,
1194 2842 1329 2928 guadia
1351 2842 1452 2908 nobis
1475 2841 1550 2928 ipse
1575 2839 1777 2907 dominicus
1792 2840 1891 2908 dedit
1912 2843 1949 2907 et
1963 2841 2194 2909 mediatorem
2209 2842 2309 2910 nobis
2324 2843 2440 2930 posuit

582 2997 756 3065 iohannes
779 2996 873 3064 fliius
897 2995 1046 3064 iohanni
1070 2995 1239 3082 tralopuli
1262 3014 1326 3082 per
1349 2996 1607 3064 absolutionem
1631 2995 1743 3082 ipsius
1765 2995 1939 3082 genitoris
1963 2997 2050 3074 eius3
2076 2998 2113 3062 et
2134 3015 2198 3082 per
2213 2997 2291 3084 ipsa
2306 2997 2440 3083 guadia

584 3155 655 3220 etc.
680 3154 827 3220 Statutc
850 3152 987 3218 mulcta
1009 3152 1142 3236 cipioti
1156 3151 1244 3218 artri
1258 3151 1455 3218 solidorum
1472 3151 1868 3218 constantinicuomcm.
1882 3151 1979 3228 Quod
2002 3149 2128 3238 scripsi
2144 3170 2209 3236 ego
2224 3153 2346 3238 petrus
2361 3173 2441 3240 pro·

583 3305 797 3372 tonotarius.

594 3505 597 3510 ·
626 3460 654 3552 †
678 3465 752 3547 Ego
776 3459 962 3550 iohannes,

1367 3746 1698 3758 ---.--.

1433 4037 1596 4117 MLX

1364 4346 1423 4422 A.
1451 4343 1507 4420 D.
1535 4347 1659 4424 1046

628 4675 656 4769 †
681 4680 719 4745 In
742 4678 883 4746 nomine
907 4676 1040 4744 domini
1070 4676 1235 4744 vicesimo
1259 4678 1408 4746 hoctabo
1431 4696 1525 4746 anno
1549 4679 1770 4766 principatus
1793 4679 1927 4748 salerni
1950 4678 2071 4748 domni
2094 4679 2207 4748 nostri
2230 4679 2438 4757 Guaimarii‚

584 4837 621 4902 et
644 4837 768 4902 octabo
791 4851 885 4902 anno
909 4832 1138 4921 principatus
1161 4833 1238 4900 eius
1262 4852 1385 4920 capue,
1411 4836 1448 4899 et
1469 4833 1619 4920 septimo
1643 4852 1736 4902 anno
1760 4833 1909 4902 ducatus
1931 4833 2007 4902 eius
2030 4835 2150 4902 amald
2172 4837 2209 4902 et
2222 4839 2439 4912 surrentum,

585 4989 623 5055 et
646 4989 775 5074 quarto
797 5005 892 5054 anno
915 4987 1243 5075 suprascriptorum
1266 4987 1532 5074 principatuum
1555 4990 1592 5053 et
1625 4987 1817 5054 ducatuum
1840 4986 1959 5055 domni
1981 4987 2101 5074 gisulfi
2123 4989 2199 5058 eius
2221 4989 2287 5057 filii
2317 4989 2443 5057 eximii

585 5140 741 5228 principi
764 5143 800 5209 et
833 5140 959 5220 ducis,
984 5143 1022 5208 et
1058 5141 1166 5209 tortio
1200 5161 1295 5209 anno
1329 5142 1479 5210 ducatus
1503 5142 1646 5210 illorum
1681 5142 1801 5230 apulie
1831 5146 1894 5212 het
1926 5142 2116 5222 kalabrie,
2152 5165 2273 5214 mense
2303 5148 2444 5248 februa-

587 5295 690 5373 rius,
716 5293 986 5383 quartadecima
1014 5294 1222 5365 indictione.
1247 5295 1536 5366 Memoratcrium
1558 5297 1692 5365 iactum
1715 5316 1738 5364 a
1761 5297 1860 5365 nobis
1883 5297 2042 5367 ademari
2068 5299 2140 5369 fflio
2166 5300 2343 5388 quondam
2369 5301 2444 5386 gri·

587 5447 721 5516 moaldi
744 5451 781 5515 et
803 5451 944 5516 amatus
966 5449 1040 5516 filio
1064 5449 1244 5538 quondam
1267 5451 1373 5536 petri,
1399 5450 1460 5536 qui
1482 5470 1603 5519 sumus
1626 5452 1701 5519 thio
1724 5455 1761 5519 et
1783 5455 1939 5540 nepotes,
1965 5473 2005 5520 eo
2029 5457 2122 5540 quod
2145 5458 2229 5524 ante
2250 5455 2443 5544 subscripti

589 5604 697 5672 testes
720 5623 784 5691 per
806 5603 1060 5673 conbenientia
1083 5604 1235 5673 tradidit
1257 5605 1358 5673 nobis
1380 5605 1510 5672 mulier
1525 5606 1668 5676 nomine
1683 5609 1808 5675 aloara
1823 5627 1891 5696 que
1907 5607 1975 5677 tuit
1990 5626 2100 5676 uxore
2116 5609 2292 5696 quondam
2308 5609 2443 5683 laidolfi

588 5757 729 5826 comitis
751 5759 790 5826 et
811 5757 886 5827 filia
909 5758 1088 5846 quondam
1111 5759 1315 5846 truppoaldi
1339 5757 1489 5838 comitis,
1515 5760 1551 5826 et
1574 5778 1647 5826 una
1669 5777 1750 5827 cum
1765 5759 1831 5828 illa
1846 5763 1930 5828 exet
1946 5761 2118 5830 Iohannes
2133 5781 2247 5830 comes
2269 5782 2442 5850 germano
