5372 7106
938 501 1391 580 clutouullcus
1990 505 2059 581 2⁹5

254 701 388 767 bonum
412 697 555 764 tantum
581 713 770 782 granum,
795 697 938 786 quando
962 696 1064 766 nobis
1087 698 1251 768 sufficiad
1275 703 1388 769 totum
1412 699 1555 769 domum
1578 701 1765 802 nostram,
1801 699 1879 767 sine
1904 700 2001 768 omui
2023 700 2114 769 deti·

252 852 377 920 nentia
398 853 435 919 et
458 849 653 928 molitura,
692 852 729 918 et
751 852 781 918 si
807 851 962 920 reditum
984 853 1029 920 de
1051 870 1114 920 suo
1138 848 1364 938 lingnamina
1386 855 1424 920 et
1446 853 1490 920 de
1513 872 1576 922 suo
1601 852 1810 940 espendium
1848 849 1896 920 ivi
1924 853 2077 922 fecerint
2100 903 2109 932 ,

253 1003 439 1074 licentiam
463 1007 597 1074 abeant
620 1003 666 1072 ad
690 1007 906 1092 completum
929 1004 1047 1092 ipsum
1070 1025 1208 1074 annum
1232 1005 1317 1074 inde
1333 1005 1435 1074 exire
1458 1024 1540 1074 cum
1563 1005 1685 1073 omnia
1707 1022 1830 1073 eorum
1855 1024 1965 1075 causa
1982 1009 2112 1075 etcum

253 1161 367 1228 totum
392 1159 571 1228 edificium
596 1159 639 1228 de
663 1159 781 1248 ipsum
805 1159 973 1236 reditum,
992 1159 1086 1248 quod
1109 1161 1185 1228 illis
1209 1159 1259 1226 ivi
1283 1160 1447 1236 fecerint,
1480 1163 1517 1228 et
1539 1161 1702 1246 portaret
1724 1160 1809 1228 illut
1833 1160 1893 1228 ubi
1917 1161 2110 1236 boluerint,

252 1317 289 1382 et
310 1312 439 1382 inclita
462 1313 541 1398 ipsa
564 1312 781 1382 tradictione
804 1311 901 1382 iusta
923 1284 1100 1382 rationem
1123 1315 1226 1382 salba
1248 1315 1285 1386 et
1308 1314 1472 1382 conciata
1506 1333 1587 1382 cum
1626 1315 1719 1382 mole
1741 1316 1779 1381 et
1806 1313 2040 1394 terraturiis,
2077 1317 2118 1382 et

254 1487 332 1535 cum
358 1466 550 1534 arkaturia
573 1470 611 1533 et
633 1485 730 1546 casa,
756 1485 826 1554 que
849 1468 947 1536 lacta
969 1469 1024 1536 est
1046 1485 1153 1554 super
1177 1462 1290 1554 ipsum
1315 1463 1509 1545 molinum,
1535 1469 1572 1534 et
1595 1485 1676 1536 cum
1699 1467 1821 1536 omnia
1843 1486 1909 1536 sua
1931 1467 2114 1554 pertinen·

253 1621 306 1690 tia
327 1623 443 1698 salba,
470 1625 510 1689 ut
533 1621 736 1707 legitimum
761 1622 877 1709 ipsum
903 1623 1077 1691 molinum
1102 1641 1288 1691 macerare
1312 1621 1452 1707 possed,
1485 1621 1676 1707 adsignent
1700 1625 1738 1692 in
1761 1641 1845 1710 pars
1869 1623 1981 1710 ipsius
2004 1623 2117 1690 eccle-

252 1775 316 1844 sie.
341 1777 379 1842 et
402 1793 465 1861 per
496 1775 758 1844 combenientia
780 1775 916 1861 guadia
938 1775 1049 1844 michi
1072 1773 1169 1842 dedit
1191 1773 1266 1860 ipse
1305 1775 1506 1850 iohannes,
1542 1775 1580 1840 et
1602 1771 1837 1840 mediatorem
1862 1773 1972 1841 michi
1995 1773 2114 1860 posuit

252 1929 420 2016 seipsum
439 1932 476 1996 et
499 1948 564 2016 per
588 1931 666 2016 ipsa·
689 1929 825 2016 guadia
847 1929 1021 2014 obligavit
1043 1947 1081 1997 se
1105 1931 1142 1998 et
1163 1947 1245 1997 suos
1267 1931 1415 1998 heredes
1445 1928 1711 2016 adimplendum
1728 1927 1850 2006 michi,
1875 1946 1937 1996 seu
1961 1929 2007 1996 ad
2030 1947 2115 2016 pars

253 2083 412 2170 predicte
435 2084 598 2161 ecclesie,
624 2084 719 2152 sicut
742 2083 989 2170 supradictum
1011 2085 1079 2159 est,
1105 2103 1216 2172 usque
1240 2083 1448 2152 iamdictum
1472 2083 1719 2160 constitutum,
1751 2085 1812 2160 ct,
1836 2082 1930 2152 sicut
1951 2083 2117 2170 superius

252 2235 425 2323 seriptum
449 2239 531 2314 est,
563 2237 640 2323 ipse
662 2235 836 2304 iohannes
859 2239 896 2304 et
917 2255 999 2304 suos
1023 2236 1172 2305 heredes
1196 2255 1267 2304 non
1301 2235 1557 2322 adimpleverit
1579 2235 1689 2303 michi
1726 2255 1788 2304 seu
1812 2235 1850 2304 in
1873 2239 1977 2322 parte
1999 2235 2117 2322 predi-

252 2387 308 2454 cte
323 2387 485 2464 ecclesie,
503 2389 541 2454 et
563 2387 811 2474 suprascripta
834 2388 960 2456 velex
984 2387 1036 2456 eis
1052 2388 1244 2475 quicquam
1268 2406 1451 2455 removere
1475 2390 1539 2456 aut
1562 2387 1808 2456 contradicere
1838 2387 2112 2474 presumserint,

253 2545 315 2608 aut
330 2541 361 2608 si
385 2543 513 2610 arbore
536 2541 581 2608 de
604 2541 683 2627 ipsa
705 2539 922 2610 tradictione
943 2538 1113 2608 inciderit
1135 2539 1213 2608 sine
1236 2545 1360 2608 nostra
1382 2539 1544 2618 licentia,
1573 2543 1610 2608 et
1632 2540 1664 2608 si
1680 2543 1796 2628 ipsum
1819 2559 1987 2626 granum,
2020 2539 2114 2627 quod

254 2692 354 2762 nobis
377 2691 540 2770 dederit,
567 2712 639 2761 non
663 2651 928 2766 fueru'uonum
952 2710 1136 2777 granum,
1177 2693 1284 2780 quale
1307 2673 1441 2760 in'ista
1463 2692 1559 2762 cives
1581 2711 1620 2760 se
1643 2691 1942 2769 venumdederit,
1981 2695 2019 2758 et
2042 2711 2114 2760 non

253 2844 394 2916 dederit
418 2845 503 2913 illut
526 2843 654 2924 nobis,
688 2863 750 2914 seu
775 2845 822 2912 ad
845 2862 930 2930 pars
952 2844 1114 2931 predicte
1147 2845 1297 2916 ecclesie
1320 2845 1441 2932 ivique
1464 2845 1509 2916 ad
1533 2845 1612 2932 ipsa
1635 2847 1788 2914 ecclesia
1813 2847 1859 2916 ad
1882 2847 2026 2916 domum
2052 2865 2117 2914 no

254 3000 345 3077 stra,
370 3017 436 3086 per
459 2998 724 3066 combenientia
746 3015 811 3085 per
834 2997 913 3086 ipsa
935 2998 1082 3085 guadia,
1099 2998 1276 3086 obligavit
1298 3015 1336 3066 se
1358 3003 1395 3066 et
1417 3016 1499 3067 suos
1522 2999 1647 3068 eredes
1677 3018 1890 3086 componere
1912 2999 2037 3079 michi,
2054 3019 2117 3070 seu

253 3151 291 3222 in
313 3170 398 3240 pars
421 3152 779 3239 predicte'ecclesie,
805 3152 1071 3241 quinquaginta
1094 3151 1176 3222 auri
1212 3153 1343 3222 solidos
1381 3155 1651 3232 constantinos;
1687 3155 1728 3222 et
1750 3173 1815 3241 per
1838 3153 1963 3223 eadem
1987 3158 2115 3229 conbe-

171 3289 174 3294 ’
252 3307 391 3378 nientia
412 3304 587 3394 obligavit
609 3326 647 3377 sc
670 3307 716 3378 ad
739 3307 1005 3394 pignerandum
1027 3307 1142 3381 omnis
1166 3311 1272 3377 rebus
1294 3313 1332 3378 et
1354 3328 1481 3379 causas
1519 3326 1629 3388 suas,
1653 3309 1756 3377 etde
1794 3309 1869 3378 eius
1892 3311 2041 3380 heredes
2063 3311 2115 3377 le

251 3461 395 3548 gitimos
419 3465 455 3530 et
478 3462 725 3548 inlegitimos;
765 3466 803 3532 et
825 3462 907 3532 illut
930 3463 1023 3550 quod
1046 3464 1101 3532 est
1123 3462 1296 3550 scriptum
1320 3463 1416 3530 inter
1450 3463 1520 3552 ipsi
1558 3463 1694 3550 virguli
1718 3463 1833 3532 dicit:
1874 3465 1911 3532 in
1943 3484 2014 3533 uno
2037 3468 2113 3542 loco

252 3615 369 3684 sancti
393 3615 553 3694 meximi;
579 3619 616 3684 et
638 3619 679 3686 in
702 3617 774 3686 alio
797 3619 874 3686 loco
897 3617 1045 3705 legitur:
1070 3619 1108 3685 et
1130 3617 1300 3692 medium.
1327 3617 1419 3706 quod
1442 3619 1571 3708 scripsi
1594 3637 1662 3707 ego
1684 3623 1808 3706 petrus
1831 3621 2007 3690 notarius.

297 3771 326 3862 †
349 3773 425 3858 Ego
448 3769 624 3838 iohannes
648 3789 705 3838 me
727 3767 936 3858 subscripsi.

296 3923 324 4016 †
347 3927 424 4012 Ego
446 3925 619 3995 iohannes
642 3923 808 3994 noterius
831 3941 888 3994 me
911 3921 1120 4010 subscripsi.

1025 4339 1336 4422 MGGXXX.

1042 4589 1101 4663 Α.
1129 4587 1187 4662 D.
1216 4585 1340 4664 1056

295 4856 386 4948 †ln
410 4861 553 4927 nomine
576 4853 710 4922 domini
734 4856 860 4942 quinto
884 4853 1021 4922 decimo
1060 4872 1153 4922 anno
1191 4855 1416 4942 principatus
1454 4807 1575 4925 domni
1613 4855 1728 4926 nostri
1762 4855 1925 4942 gisulphi
1963 4856 2112 4942 gloriosi

254 5011 439 5102 principis,
466 5029 587 5080 mense
611 5011 739 5088 iunio,
767 5027 861 5094 nona
884 5007 1091 5078 indictione.
1118 5009 1209 5076 Ante
1233 5028 1290 5078 me
1314 5009 1536 5082 romoaldum
1560 5007 1714 5078 iudicem
1738 5012 1862 5096 petrus
1883 5009 1979 5078 filius
2003 5029 2116 5097 quon-

252 5165 338 5238 dam
364 5166 440 5234 ursi
465 5164 678 5232 coniunctus
701 5165 757 5232 est
779 5181 857 5230 cum
885 5162 1066 5239 iohanne,
1092 5165 1129 5230 et
1151 5165 1276 5248 petro,
1303 5166 1340 5230 et
1362 5163 1485 5232 Alieni
1508 5161 1632 5238 clerici
1654 5163 1820 5249 germani
1843 5163 1908 5230 filii
1933 5127 2112 5250 quondam

251 5320 377 5398 allani,
403 5321 440 5388 et
463 5337 526 5405 per
550 5319 667 5404 ipsum
691 5325 834 5403 petrum
857 5319 1038 5384 ostensum
1062 5319 1250 5384 estonum
1275 5321 1484 5404 preceptum
1511 5315 1594 5384 utili
1617 5316 1726 5387 anulo
1751 5315 1968 5402 insignitum
1988 5319 2117 5404 ,·quod

251 5475 467 5546 continebat:
483 5473 682 5542 innomine
702 5473 829 5540 sancte
847 5473 886 5540 et
898 5470 1085 5540 individue
1106 5470 1296 5547 trinitatis,
1312 5469 1468 5556 gisulfus
1481 5468 1606 5538 divina
1629 5472 1772 5538 favente
1786 5471 1977 5540 clementia
1992 5473 2115 5559 longo-

251 5630 440 5701 bardorum
456 5629 574 5715 gentis
590 5627 768 5715 princeps.
788 5628 933 5694 Nostras
949 5625 995 5694 ad
1010 5624 1190 5702 dominum
1215 5625 1358 5693 tendere
1374 5643 1498 5712 preces
1521 5624 1740 5702 confidimus,
1766 5625 1797 5694 si
1820 5625 1949 5712 dignas
1973 5627 2114 5714 petitio·

252 5801 314 5861 aea
331 5785 532 5860 nostrorum
547 5781 707 5850 fidelium
731 5799 801 5852 noo
826 5779 1122 5866 contempnimus,
1140 5780 1178 5848 et
1191 5779 1330 5856 eosdem
1346 5778 1468 5848 fideles
1492 5780 1611 5848 nostro
1636 5778 1806 5856 beneflcio
1829 5779 1931 5848 uobis
1947 5780 2022 5848 lore
2038 5797 2114 5851 cre·
