5454 7104
990 443 1405 518 ntrtouarluus
2021 450 2084 520 lau

298 639 355 704 tus
379 639 485 704 rebus
510 637 557 704 da
579 639 655 705 loco
680 639 776 706 ulmo
801 640 871 706 fine
895 641 1003 725 caput
1026 639 1142 725 aquis,
1160 642 1197 706 et
1220 640 1274 706 est
1298 638 1377 724 ipsa
1401 639 1506 705 rebus
1530 635 1736 725 pertinente
1760 635 1882 704 domni
1906 637 2056 723 palduln
2072 638 2157 706 illu-

297 791 462 860 strissimi
485 791 670 880 principis,
696 795 733 860 et
754 793 878 880 ibique
902 813 976 861 una
999 812 1138 874 mecum
1161 795 1279 861 offero
1305 795 1431 861 inclita
1455 813 1535 861 mea
1559 813 1667 871 casa,
1694 812 1803 882 quam
1827 793 1965 863 retineo
1989 795 2084 860 foras
2109 795 2157 862 ci-

299 947 410 1014 uitate
433 965 526 1013 nova
549 950 585 1013 et
608 948 809 1034 propinquo
834 947 879 1014 ad
903 947 1044 1034 portam
1073 998 1341 1014 ........
1376 948 1430 1014 est
1454 940 1619 1016 c'onciata
1642 949 1679 1014 et
1702 946 1839 1015 fabrita
1861 967 1908 1015 ex
1932 947 2029 1016 omni
2052 951 2158 1034 parte

299 1120 378 1168 cum
401 1101 521 1168 omnia
543 1121 609 1169 sua
633 1103 867 1188 pertinentia,
893 1105 930 1169 et
953 1103 1032 1189 ipsa
1055 1102 1228 1181 cisterna,
1247 1091 1288 1170 et‘
1308 1122 1420 1170 unum
1444 1105 1583 1180 bovem,
1610 1051 1781 1170 etunum
1806 1102 2031 1188 psalterium,
2050 1107 2090 1169 ut
2107 1107 2159 1170 to-

298 1258 374 1322 tum
398 1255 590 1330 inclitum,
618 1257 658 1322 ut
681 1255 867 1330 diximus,
901 1255 1028 1322 amodo
1052 1257 1088 1322 et
1110 1273 1251 1343 semper
1275 1255 1311 1322 in
1334 1256 1415 1343 ipsa
1439 1257 1591 1324 ecclesia
1614 1274 1740 1324 securo
1764 1259 1905 1324 nomine
1929 1262 2151 1343 permaneat.

300 1409 388 1475 Nam
411 1408 555 1475 declaro
584 1459 591 1474 .
622 1460 628 1473 .
658 1461 665 1474 .
697 1391 703 1474 ζ
734 1460 740 1474 .
771 1461 778 1474 .
803 1408 977 1495 preterito
1000 1411 1159 1495 tempore
1182 1409 1226 1476 de
1249 1409 1414 1477 omnibus
1439 1409 1520 1478 aliis
1545 1411 1631 1476 meis
1657 1413 1763 1477 rebus
1786 1413 1823 1476 et
1846 1409 1951 1486 casis,
1978 1413 2015 1477 et
2038 1410 2156 1478 causis

299 1561 485 1629 mobilibus
508 1562 623 1630 iudico
647 1565 756 1650 atque
775 1535 928 1650 'dispono
952 1579 1017 1650 per
1039 1561 1182 1630 firmum
1205 1562 1379 1649 scriptum
1405 1563 1465 1631 ubi
1499 1564 1690 1641 declarat,
1717 1567 1758 1630 ut
1781 1567 1890 1652 quale
1915 1583 1987 1630 una
2010 1563 2054 1630 de
2079 1564 2156 1650 ipse

300 1717 370 1784 lilio
394 1735 470 1784 mee
493 1717 571 1785 sine
594 1717 786 1784 heredibus
810 1679 982 1784 defuncta
1005 1717 1143 1794 fuerit,
1169 1717 1364 1784 succedant
1389 1718 1423 1784 ei
1446 1713 1483 1784 in
1506 1719 1603 1785 omni
1627 1737 1693 1785 sua
1716 1718 1874 1796 sortione
1898 1718 1973 1804 ipse
1998 1717 2070 1784 alie
2096 1735 2159 1784 sue

300 1870 404 1937 sortis
428 1874 464 1937 et
487 1871 554 1938 illa
580 1921 774 1936 ......
800 1872 873 1937 tote
897 1871 972 1957 ipse
995 1869 1069 1936 filie
1093 1887 1172 1937 mee
1195 1870 1365 1938 defuncte
1390 1872 1552 1947 suerint,
1588 1873 1624 1938 et
1647 1837 1798 1938 heredes
1823 1871 1863 1938 de
1888 1871 1964 1938 illis
1991 1891 2062 1938 non
2086 1872 2161 1937 lue·
2288 1961 2289 1964 Ἴ

300 2029 386 2105 rint,
412 2033 585 2116 quantum
608 2028 652 2095 de
676 2028 762 2114 ipsis
786 2031 890 2095 rebus
914 2030 951 2095 ct
973 2026 1066 2094 casis
1091 2025 1129 2094 in
1154 2025 1227 2092 illis
1251 2025 1375 2093 diebus
1399 2029 1602 2111 paruerint,
1617 2028 1733 2094 totum
1757 2045 1795 2092 se
1819 2026 1924 2092 daret
1947 2045 2012 2112 pro
2038 2026 2160 2092 anime

301 2185 430 2250 nostre.
468 2182 564 2249 Unde
587 2185 708 2268 placet
733 2180 841 2248 michi
866 2181 982 2256 modo,
1008 2183 1049 2247 ut
1072 2179 1100 2246 si
1127 2178 1351 2246 inminenter
1375 2178 1533 2266 peccatis
1557 2181 1593 2245 et
1617 2177 1661 2245 dc
1685 2180 1758 2244 tote
1782 2178 1858 2264 ipse
1881 2179 1954 2246 filie
1981 2197 2057 2245 mee
2082 2185 2162 2266 post

301 2334 446 2402 illarum
469 2334 738 2402 defunctionem
762 2334 930 2401 heredem
955 2351 1026 2399 non
1051 2331 1246 2418 paruerit,
1274 2335 1314 2398 ut
1336 2332 1499 2399 omnibus
1523 2332 1609 2418 ipsis
1634 2335 1741 2399 rebus
1765 2333 1944 2411 atomis,
1982 2338 2158 2421 quantum

177 2554 184 2574 ,
301 2487 431 2555 exinde
455 2487 618 2574 paruerit
640 2487 679 2554 in
702 2486 776 2554 illis
800 2487 922 2555 dicbus
945 2489 1093 2573 propter
1117 2485 1223 2552 deum
1248 2489 1286 2552 et
1310 2486 1508 2553 remedium
1534 2486 1653 2552 anime
1677 2491 1811 2563 nostre,
1830 2489 1944 2555 totum
1969 2489 2093 2556 redeat
2119 2490 2156 2556 in

300 2641 461 2728 predicta
484 2640 648 2718 ecclesia,
674 2641 734 2708 ubi
758 2641 802 2708 de
824 2641 920 2706 sicut
941 2639 1122 2714 diximus,
1149 2637 1251 2705 modo
1276 2657 1331 2704 me
1354 2641 1490 2716 offero,
1516 2642 1555 2706 at
1576 2658 1702 2707 securo
1726 2640 1869 2707 nomine
1894 2641 1972 2727 ipsa
1995 2642 2156 2710 ecclesia

299 2797 385 2863 illut
406 2814 546 2882 semper
570 2795 788 2872 habendum,
814 2793 1082 2870 dominandum,
1098 2791 1362 2878 possidendum,
1382 2793 1419 2858 et
1441 2792 1485 2858 de
1508 2791 1631 2860 omnia
1655 2811 1724 2880 que
1747 2794 1849 2860 modo
1873 2795 1910 2861 et
1925 2796 2090 2882 superius
2107 2796 2160 2864 di-

301 2951 446 3028 ximus,
472 2951 674 3018 laciendum
699 2969 803 3035 quem
828 2948 874 3016 ad
898 2965 982 3034 pars
1006 2944 1176 3014 iamdicta
1200 2945 1350 3013 ecclesie
1376 2947 1577 3032 placuerit,
1616 2949 1749 3034 absque
1773 2949 1869 3014 omni
1895 2951 2158 3017 contrarietate

300 3123 404 3180 mea,
442 3104 500 3170 vel
524 3103 567 3169 de
592 3120 687 3168 meos
711 3100 873 3176 heredes,
900 3102 964 3166 aut
987 3097 1124 3184 cuiqua
1148 3097 1368 3166 hominibus.
1410 3102 1455 3165 Et
1477 3099 1549 3166 siat
1584 3099 1717 3166 ibidem
1756 3117 1897 3187 semper
1932 3100 2157 3172 defensatum

300 3277 364 3344 per
387 3259 483 3324 hunc
506 3254 680 3341 scriptum
703 3255 740 3320 et
762 3269 828 3339 per
851 3251 1002 3318 heredes
1026 3268 1122 3318 meos
1146 3251 1193 3318 ab
1216 3249 1355 3318 omibus
1377 3250 1603 3328 hominibuS‚
1630 3254 1676 3318 ab
1699 3251 1866 3339 omnique
1889 3254 2053 3339 partibus
2078 3276 2159 3324 cum

300 3410 451 3477 introitu
475 3411 512 3476 et
534 3406 636 3475 exitu
661 3409 698 3473 et
721 3405 799 3473 vice
826 3405 870 3472 de
893 3404 963 3472 viis
986 3405 1085 3481 suis,
1109 3405 1250 3471 etcum
1273 3402 1438 3472 omnibus
1461 3403 1536 3471 suis
1559 3403 1801 3491 pertinentiis.
1829 3406 1927 3474 Unde
1951 3429 2016 3495 pro
2039 3410 2160 3478 omnia

301 3583 369 3651 que
392 3564 489 3631 dicta
511 3563 565 3630 cst
588 3560 871 3648 adimplendum,
890 3561 975 3626 ante
999 3557 1136 3626 idoneis
1151 3557 1357 3626 hominibus
1380 3556 1573 3644 subscripti
1599 3560 1707 3640 testes
1723 3558 1860 3644 guadia
1884 3561 1929 3628 ad
1946 3562 2159 3648 guiselmari

299 3715 477 3786 vixcomes
500 3715 609 3792 dedi3
650 3716 687 3782 et
711 3713 945 3782 mediatorem
969 3711 1004 3779 ei
1031 3712 1132 3797 posui
1156 3709 1377 3779 romoaldum
1400 3711 1595 3796 cognatum
1619 3729 1738 3777 meum
1776 3713 1814 3778 et
1837 3711 1950 3780 fllium
1975 3715 2156 3801 quondam

300 3875 465 3962 iaquinti.
490 3874 535 3938 Et
558 3888 622 3958 per
645 3869 759 3957 ipsam
783 3865 954 3953 guadiam
977 3869 1044 3934 etc.
1077 3867 1246 3968 chnc'tnr
1277 3869 1445 3932 consucta
1466 3864 1631 3948 sorncntn
1643 3883 1716 3950 pro
1736 3867 1858 3952 pactis
1884 3888 1958 3935 non
1988 3875 2155 3938 servatis.

300 4032 446 4099 Stctntc
476 4027 611 4095 mulcta
634 4025 815 4110 octopintc
846 4023 1045 4089 solidorum
1072 4021 1162 4088 anri
1197 4019 1438 4086 Constantini.
1464 4019 1509 4084 Et
1533 4019 1657 4086 taliter
1679 4021 1838 4088 scribere
1862 4022 2068 4124 rogabimus
2093 4045 2157 4112 pro
2265 4031 2266 4034 ’

299 4183 402 4249 firma
425 4179 618 4248 securitate
642 4180 677 4244 te
701 4176 876 4245 raidollus
900 4173 1072 4241 diaconus
1096 4174 1133 4240 et
1147 4170 1376 4258 primicerius
1399 4173 1436 4238 et
1451 4171 1614 4240 notarius
1630 4171 1748 4242 scriva
1765 4173 1924 4244 eiusdem
1940 4177 2155 4248 hecclesiae.

344 4334 468 4420 †Ego
493 4332 693 4401 romoaldus
720 4331 973 4399 subdiaconus.

270 4486 275 4507 '
343 4489 371 4580 †
394 4493 468 4576 Ego
491 4489 599 4574 guido
622 4477 861 4554 subdiaconus
884 4486 922 4552 et
945 4482 1121 4550 notarius.

1061 4798 1404 4882 MGXXXIII

1089 5043 1149 5121 A.
1176 5044 1234 5120 D.
1263 5045 1389 5121 1050

346 5251 371 5341 †
395 5253 435 5318 ln
460 5251 600 5318 nomine
623 5247 759 5318 domini
781 5247 966 5334 trigesimo
989 5241 1143 5313 secundo
1167 5265 1264 5314 anno
1288 5245 1513 5334 principatus
1536 5245 1656 5315 domni
1681 5246 2017 5334 nostritguaimari,
2035 5244 2071 5318 et
2097 5272 2160 5320 un·

300 5404 434 5472 decimo
453 5401 481 5488 ¹)
505 5401 656 5473 ducatus
679 5401 757 5471 eius
781 5399 904 5470 amalfi
926 5399 964 5467 et
986 5403 1016 5483 ⁸)
1039 5395 1203 5477 sirrenti,
1222 5399 1259 5466 et
1283 5399 1434 5468 hoctabo
1457 5417 1552 5469 anno
1567 5397 1792 5488 principatus
1816 5403 1853 5470 ct
1868 5393 2018 5471 ducatus
2033 5401 2154 5473 domni

341 5616 363 5696 ¹)
384 5613 587 5677 Duodecimo.

341 5729 367 5808 ²)
389 5726 575 5790 Undecimo.

371 5823 441 5897 Tou.
459 5849 511 5896 rn.
