5398 7106
632 505 711 582 ‘tte
969 567 971 574 ,
1278 505 1455 582 CODEX
1489 507 1760 584 GAVENSIS

596 705 736 782 ruerit,
775 707 812 772 et
834 703 997 793 quicquit
1019 705 1141 809 vinum
1165 707 1223 773 vel
1246 705 1368 792 fruges
1392 704 1436 771 de
1459 705 1535 791 ipse
1559 705 1673 774 vineis
1695 705 1732 771 et
1754 703 1863 772 terris
1896 703 1979 772 inde
2012 704 2219 774 annualiter
2250 705 2376 774 tollere
2399 708 2436 774 et

592 876 698 926 avere
721 860 935 946 potueritis,
960 860 1074 926 toturn
1098 859 1181 926 illut
1204 859 1302 927 vobis
1325 861 1525 947 vestrisque
1548 859 1713 928 eredibus
1736 859 1898 937 aveatis,
1922 859 2017 927 sicut
2040 863 2077 928 et
2098 859 2141 927 de
2163 861 2310 937 omnia,
2336 859 2429 947 quod

592 1011 743 1099 desuper
756 1011 935 1090 diximus.
972 991 1123 1080 'lantum
1148 1012 1246 1080 omni
1270 1032 1366 1080 anno
1390 1013 1428 1081 in
1452 1014 1648 1082 sestibitate
1671 1017 1788 1082 sancti
1810 1015 1933 1102 angeli
1955 1015 2047 1084 detis
2070 1015 2167 1083 vobis
2191 1014 2336 1082 iohanni
2361 1033 2442 1100 pre·

590 1164 743 1244 sbiteri‚
768 1165 825 1231 vel
848 1167 927 1233 tuos
949 1166 1073 1233 eredes
1096 1166 1134 1234 in
1158 1166 1320 1253 partibus
1343 1166 1465 1236 domni
1490 1168 1604 1236 nostri
1627 1168 1761 1237 seniori
1785 1170 1843 1238 vel
1866 1168 1910 1238 de
1933 1168 2088 1237 illorum·
2104 1168 2297 1246 eredibus,
2335 1187 2445 1237 unum

590 1318 731 1406 parium
755 1319 798 1386 de
820 1321 951 1397 oblate,
965 1319 1119 1407 amplius
1142 1323 1263 1388 autern
1288 1322 1425 1389 nullam
1449 1322 1629 1392 dationem
1654 1343 1738 1410 pars
1761 1323 1875 1392 nostri
1898 1323 2043 1401 seniori,
2062 1324 2119 1389 vel
2142 1323 2287 1390 illorum
2310 1323 2437 1391 eredes

589 1471 688 1542 vobis
711 1474 838 1542 tollere
861 1476 1014 1562 querat,
1038 1476 1076 1542 et
1099 1475 1154 1541 o'st
1175 1474 1420 1544 disturbatum
1443 1479 1483 1545 in
1507 1481 1641 1566 quanto
1665 1479 1826 1564 virgulas
1850 1497 1914 1566 pro
1938 1478 2079 1546 nomine
2102 1478 2285 1547 dauferius
2306 1526 2315 1556 ,
2340 1478 2437 1546 etin

589 1631 714 1698 subtus
737 1628 901 1715 partibus
924 1628 1056 1698 iterum
1079 1632 1134 1697 est
1156 1629 1402 1698 disturbatum
1426 1651 1490 1718 pro
1513 1633 1632 1701 causis
1647 1634 1835 1704 movilibus
1858 1637 1895 1701 et
1909 1633 2098 1702 stavilibus
2114 1633 2158 1700 de
2174 1633 2251 1720 ipsa
2267 1633 2439 1700 iamdicta

590 1786 811 1864 ecclesiast
834 1785 963 1854 iterum
988 1787 1086 1856 bobis
1109 1788 1260 1856 iohanni
1284 1788 1481 1875 presbiteri
1505 1789 1649 1856 remitto
1673 1792 1841 1876 potestati
1866 1791 2058 1858 sortionem
2081 1788 2125 1856 de
2147 1788 2302 1856 ecclesia
2324 1788 2445 1856 sancti

588 1939 747 2017 eustasii,
767 1943 807 2008 ut
828 1940 949 2009 omnia
972 1941 1054 2009 inde
1077 1939 1328 2019 ordinandum,
1353 1943 1459 2010 sicuti
1483 1945 1520 2010 et
1543 1943 1606 2011 alii
1619 1947 1799 2012 consortes
1815 1943 1987 2012 iamdicta
2002 1943 2154 2011 ecclesia
2169 1942 2318 2010 iaciunt.
2346 1939 2444 2010 Unde

545 2149 551 2162 .
589 2094 633 2161 de
655 2095 776 2162 omnia
791 2099 877 2181 quot
891 2093 1053 2183 superius
1075 2097 1233 2165 diximus
1256 2097 1528 2184 adinplendum,
1546 2097 1682 2184 guadia
1705 2097 1814 2165 michi
1837 2098 1912 2184 ipse
1935 2099 2108 2166 iohannes
2132 2095 2308 2184 presbiter
2331 2098 2440 2163 etab

592 2253 653 2317 bas
675 2251 785 2329 dedit,
810 2254 848 2320 et
870 2253 1104 2321 mediatorem
1127 2253 1236 2320 michi
1260 2252 1379 2340 posuit
1401 2251 1666 2320 landemarium
1689 2252 1861 2320 clericum
1886 2254 1924 2320 et
1946 2251 2100 2320 iudicem
2124 2250 2236 2318 fllium
2260 2249 2440 2336 quondam

590 2406 763 2486 landolfi,
797 2410 834 2476 et
856 2425 920 2496 per
944 2407 1057 2494 ipsam
1081 2407 1255 2493 guadiam
1279 2411 1316 2473 et
1339 2406 1626 2476 convenientiam
1649 2408 1825 2494 obligavit
1847 2426 1885 2475 se
1908 2409 1983 2494 ipse
2007 2405 2182 2476 iohannes
2205 2405 2383 2492 presbiter
2407 2411 2446 2476 et

588 2563 699 2631 abbas
722 2564 759 2630 et
781 2579 862 2629 suos
885 2561 1020 2636 eredes,
1046 2561 1140 2649 quod
1163 2560 1195 2628 si
1218 2560 1262 2628 de
1285 2565 1416 2639 omnia,
1443 2563 1535 2650 quod
1559 2564 1724 2650 superius
1746 2563 1915 2641 diximus,
1930 2563 1967 2630 in
1990 2562 2154 2648 partibus
2176 2561 2297 2630 domni
2320 2561 2441 2629 nostri

587 2715 732 2794 seniori,
759 2717 815 2782 vel
836 2717 882 2784 de
905 2716 1050 2783 illorum
1074 2713 1240 2784 eredibus
1264 2733 1335 2783 non
1359 2715 1665 2802 adimpleverint,
1691 2719 1728 2784 et
1751 2720 1912 2785 retroare
1934 2733 1997 2783 seu
2022 2732 2206 2784 removere
2228 2714 2331 2781 illum
2356 2731 2440 2802 que-

587 2871 740 2948 sierint,
777 2875 813 2939 et
836 2874 1073 2960 quotcumque
1096 2872 1315 2941 causationis
1339 2871 1470 2940 exinde
1495 2873 1744 2960 preposuerint
1766 2891 1831 2959 per
1853 2891 1891 2938 se
1915 2871 1973 2938 vel
1996 2889 2061 2958 per
2084 2870 2295 2940 submissam
2319 2873 2440 2944 suam,

589 3028 665 3095 ideo
689 3047 753 3114 per
775 3025 1062 3095 convenientiam
1085 3025 1260 3111 obligavit
1286 3025 1401 3112 seipse
1424 3027 1599 3094 iohannes
1615 3028 1790 3114 presbiter
1812 3029 1849 3094 et
1864 3029 1974 3096 abbas
1996 3029 2034 3094 et
2047 3025 2129 3095 suos
2144 3027 2267 3095 eredes
2282 3026 2328 3095 ad
2344 3045 2439 3094 com·

588 3182 787 3268 ponendum
812 3182 851 3250 in
873 3181 1036 3268 partibus
1058 3181 1221 3251 iamdicti
1246 3182 1358 3250 nostri
1383 3182 1529 3260 seniori,
1548 3183 1605 3249 vel
1628 3183 1672 3250 de
1695 3181 1840 3250 illorum
1863 3181 2040 3260 aradibus,
2054 3181 2129 3250 sive
2152 3181 2211 3250 cui
2235 3199 2303 3248 unc
2325 3179 2439 3268 scrip-

588 3338 663 3403 tum
687 3356 750 3422 pro
774 3335 850 3404 vice
872 3335 1017 3405 illorum
1041 3337 1079 3405 in
1103 3355 1237 3405 manus
1261 3336 1438 3424 paruerit,
1457 3339 1600 3404 centum
1624 3335 1705 3403 auri
1728 3336 1858 3404 solidos
1874 3335 2129 3412 constantines,
2155 3336 2192 3401 et
2206 3353 2247 3403 oc
2263 3334 2436 3421 scriptum

586 3489 726 3558 firmum
750 3489 964 3578 permanead
987 3511 1051 3580 per
1074 3491 1248 3559 iamdicta
1271 3490 1407 3576 guadia
1430 3493 1468 3557 et
1493 3489 1694 3576 predictum
1730 3489 1962 3557 mediatorem
1985 3489 2024 3556 in
2048 3487 2254 3575 supradicta
2278 3459 2433 3556 ratione.

588 3647 632 3713 Et
654 3645 776 3713 taliter
798 3645 926 3731 scripsi
949 3663 1015 3732 ego
1038 3645 1148 3731 guido
1171 3643 1408 3713 subdiaconus
1431 3641 1659 3729 primicerius
1682 3646 1719 3711 et
1741 3643 1903 3711 notarius
1926 3642 1988 3728 qui
2012 3643 2187 3711 interluit.

588 3815 590 3820 ·
631 3799 756 3891 †Ego
779 3799 997 3886 grimoaldus
1021 3817 1077 3866 me
1101 3797 1312 3883 subscripsi.

632 3952 658 4043 †
682 3955 754 4042 Ego
778 3953 970 4022 radoaldus
993 3952 1158 4020 clericus.

1331 4301 1670 4382 MCLXXIX

1358 4550 1416 4624 A.
1444 4546 1501 4621 D.
1530 4545 1653 4624 1053

630 4851 657 4942 †
680 4855 720 4920 In
745 4853 887 4940 nomine
910 4854 1051 4952 domini
1075 4858 1283 4926 duodecimo
1308 4878 1402 4926 anno
1425 4860 1649 4946 principatus
1672 4857 1791 4927 domui
1808 4856 1920 4924 nostri
1944 4855 2058 4942 gisolfi
2073 4854 2221 4942 gloriosi
2246 4852 2435 4941 principis,

585 5027 706 5077 mense
729 5011 878 5096 aprilis,
903 5016 1008 5084 sexta
1031 5013 1237 5082 indictione.
1273 5017 1348 5100 Ego
1373 5015 1523 5082 alterius
1546 5014 1827 5101 archipresbiter
1851 5016 1887 5080 et
1911 5015 2019 5080 abbas
2051 5011 2201 5079 ecclesie
2222 5010 2340 5078 sancti
2363 5028 2437 5078 ma·

585 5163 674 5232 ximi
697 5164 740 5232 de
763 5166 861 5234 intus
884 5185 952 5235 anc
984 5167 1247 5236 salernitanam
1271 5167 1455 5236 cibitatem
1480 5185 1545 5254 per
1560 5168 1822 5236 combenientia
1844 5171 1929 5234 ante
1954 5165 2072 5234 idonei
2095 5166 2203 5232 testes
2226 5161 2434 5230 coniunctus

584 5335 661 5384 sum
685 5337 765 5386 cum
789 5321 1039 5388 castelmanno
1062 5339 1180 5388 comes
1202 5339 1397 5406 germanus
1421 5337 1544 5398 meus,
1569 5324 1715 5408 propter
1739 5321 1830 5408 quod
1854 5323 1939 5388 ante
1961 5339 2000 5388 os
2023 5319 2098 5386 dies
2121 5335 2185 5404 per
2208 5315 2434 5384 combenien-

582 5470 635 5539 tia
658 5473 742 5540 ante
764 5475 948 5560 presentia
972 5473 1086 5542 amati
1113 5473 1224 5542 iudici
1248 5494 1311 5560 per
1337 5477 1441 5544 firma
1465 5475 1631 5552 cartula,
1665 5492 1733 5560 que
1756 5475 1890 5560 scripta
1912 5475 1965 5541 est
1987 5492 2052 5561 por
2083 5473 2304 5542 romoaldum
2328 5473 2433 5540 nota-

583 5623 690 5704 rium,
715 5645 779 5713 pro
802 5631 905 5714 parte
928 5629 1071 5697 altrude
1095 5628 1286 5696 uxorisne
1309 5629 1408 5696 dedit
1430 5649 1497 5716 ego
1520 5629 1554 5697 ei
1578 5632 1679 5699 terra
1701 5649 1781 5700 curn
1806 5649 1890 5699 casa
1912 5630 2116 5718 pertinente
2136 5628 2252 5696 eidem
2276 5625 2429 5696 ecclesie

583 5799 652 5868 que
674 5783 729 5848 est
751 5781 830 5868 ipsa
853 5785 953 5850 terra
976 5801 1056 5849 cum
1080 5799 1165 5850 casa
1188 5799 1252 5868 per
1275 5782 1358 5848 finis
1374 5783 1410 5848 et
1426 5787 1607 5853 mensoria
1630 5787 1742 5854 talem
1758 5784 1883 5871 pedem
1900 5804 2048 5858 manum
2064 5783 2195 5858 ominis
2212 5793 2435 5876 mensuram,
