5454 7104
626 456 693 532 1⁰2
1267 455 1443 530 CODEX
1481 457 1739 532 cavensis

576 651 728 729 comitis,
755 655 799 720 ut
820 652 896 740 ipse
919 653 1100 741 paldultus
1124 655 1324 722 allerisium
1348 655 1460 723 filium
1484 655 1661 742 quondam
1685 654 1851 721 iohannis
1874 653 2025 722 coruitis.
2053 658 2096 722 Et
2118 656 2320 742 peripsam
2344 677 2433 744 gua·

576 807 671 874 diam
696 805 951 891 obligaverunt
973 825 1012 874 se
1035 811 1072 876 et
1086 825 1168 876 suos
1191 807 1342 876 heredes
1357 825 1497 893 semper
1519 825 1731 896 permanere
1754 825 1834 874 cum
1859 807 2073 894 ipsodomno
2096 807 2259 906 principe
2282 813 2320 876 et
2334 809 2425 877 duce

573 965 610 1026 et
633 977 713 1026 cum
739 959 835 1025 illius
858 961 1048 1028 heredibus
1071 961 1109 1028 in
1132 963 1379 1048 suprascripta
1400 959 1586 1040 divisione,
1611 961 1883 1048 quemamodum
1906 961 2069 1048 superius
2091 963 2241 1048 legitur.
2267 965 2312 1030 ut
2333 964 2365 1031 si
2392 963 2432 1032 in

571 1118 819 1202 suprascripta
834 1115 1024 1196 divisione,
1049 1115 1317 1205 quemamodum
1333 1117 1498 1201 superius
1520 1115 1691 1204 scriptum
1714 1119 1781 1192 est,
1806 1119 1874 1202 ipsi
1890 1117 2039 1184 domnus
2062 1116 2171 1204 guido
2194 1121 2232 1184 et
2246 1117 2426 1206 paldultus

572 1279 609 1342 et
634 1274 777 1342 illorum
801 1275 965 1352 heredes,
991 1294 1071 1342 cnm
1097 1277 1171 1362 ipso
1194 1273 1322 1342 domno
1345 1273 1508 1362 principe
1531 1279 1569 1343 et
1590 1277 1692 1352 duce,
1717 1279 1754 1342 et
1777 1275 1875 1343 illius
1898 1274 2101 1353 heredibus,
2127 1295 2199 1344 non
2221 1294 2427 1364 permanse-

574 1429 659 1506 rint,
685 1433 721 1496 et
743 1431 1006 1516 suprascripta,
1031 1429 1089 1495 vel
1112 1448 1159 1495 en
1182 1431 1235 1496 eis
1258 1431 1451 1516 quicquam
1475 1447 1656 1496 removere
1681 1432 1744 1496 aut
1767 1428 2012 1496 contradicere
2036 1401 2339 1517 presumpserint.
2365 1451 2432 1517 per

570 1584 683 1670 ipsam
707 1585 877 1670 guadiam
902 1584 1154 1674 obligaverunt
1176 1603 1214 1651 se
1238 1585 1275 1652 et
1296 1602 1378 1650 suos
1400 1583 1549 1650 heredes
1571 1602 1780 1670 componere
1804 1583 1871 1670 ipsi
1895 1584 2022 1652 domno
2038 1584 2193 1671 principi
2216 1587 2253 1651 et
2274 1585 2369 1664 duci,
2387 1591 2424 1654 et

570 1738 667 1808 illius
690 1737 895 1816 heredibus,
913 1737 1014 1805 mille
1038 1735 1117 1807 auri
1141 1737 1269 1812 solidos
1292 1736 1610 1814 constantinianm,
1628 1739 1670 1802 et
1690 1740 1725 1802 in
1748 1736 1993 1822 suprascripta
2015 1735 2201 1812 divisione,
2226 1756 2434 1824 quemamo-

570 1897 654 1964 dum
678 1897 843 1983 superius
867 1896 1016 1981 legitur,
1041 1912 1264 1981 permanere.
1294 1896 1338 1960 Et
1361 1893 1485 1961 taliter
1509 1895 1544 1960 te
1569 1892 1788 1959 romoaldum
1813 1893 2007 1967 notarium,
2027 1890 2087 1976 qui
2113 1890 2321 1968 interfuisti,
2342 1893 2432 1957 seri·

570 2071 654 2120 vere
678 2053 834 2139 precepi.

614 2207 641 2298 †
666 2209 739 2293 ligo
763 2205 825 2293 qui
848 2223 960 2292 supra
984 2206 1125 2272 amatus
1149 2202 1270 2270 iudex.

1298 2425 1670 2439 n—-n-——ffl

1374 2681 1609 2764 MGXVI

1342 2932 1400 3004 A.
1430 2928 1487 3003 D.
1516 2929 1642 3004 1049

617 3158 644 3250 †
668 3163 707 3226 ln
733 3163 875 3228 nomine
897 3161 1031 3228 domini
1056 3163 1237 3229 tricesimo
1261 3162 1375 3249 primo
1399 3181 1493 3230 anno
1517 3163 1735 3250 principatus
1759 3163 1878 3230 domni
1902 3165 2015 3231 nostri
2039 3163 2238 3230 Guaimarii
2275 3162 2424 3249 gloriosi

566 3312 753 3401 principis,
781 3317 825 3381 Et
849 3311 1032 3384 undecimo
1056 3335 1149 3386 anno
1173 3319 1324 3385 ducatus
1347 3317 1424 3384 eius
1440 3319 1600 3396 Amalds,
1619 3319 1663 3384 Et
1685 3317 1821 3384 decimo
1845 3337 1939 3385 anno
1962 3317 2112 3386 ducatus
2137 3318 2235 3384 illius
2259 3317 2425 3396 Sirrenti‚

567 3471 612 3534 Et
634 3472 760 3537 octabu
784 3489 878 3538 anno
901 3470 1125 3557 principatus
1149 3475 1186 3539 et
1210 3475 1368 3559 ipsorum
1392 3473 1587 3540 ducatuum
1609 3471 1730 3539 domni
1753 3471 1874 3557 gisulfi
1896 3471 2020 3538 eximii
2054 3473 2227 3559 principis
2261 3477 2299 3539 et
2320 3473 2422 3539 ducis
2481 3554 2486 3563 .

568 3621 632 3688 filii
657 3621 747 3700 eius,
772 3641 893 3691 mense
917 3623 1063 3710 Aprili,
1099 3625 1258 3693 secunda
1281 3625 1488 3694 indictione.
1521 3628 1609 3692 Dum
1632 3625 1670 3691 in
1693 3643 1796 3692 sacro
1819 3623 2041 3692 salernitano
2065 3626 2201 3711 palatio
2224 3644 2345 3693 coram
2369 3645 2429 3695 su·

571 3779 772 3864 prescripto
795 3777 923 3846 domno
946 3781 1067 3846 nostro
1083 3777 1285 3864 guaimario
1309 3777 1534 3847 serenissimo
1557 3781 1594 3846 et
1608 3799 1631 3846 a
1645 3778 1710 3846 deo
1734 3780 1944 3846 conset-bato
1959 3777 2122 3864 principe
2145 3780 2182 3845 et
2196 3779 2285 3845 duce
2300 3784 2420 3846 essent

570 3929 719 4000 domnus
742 3933 850 4019 guido
874 3933 948 4002 dux
972 3937 1009 4000 et
1031 3931 1216 4000 Paldullus
1239 3931 1371 4000 tratres
1394 3935 1483 4010 eius,
1508 3936 1545 4000 et
1567 3933 1698 4002 ibidem
1723 3951 1835 4001 essem
1859 3951 1925 4019 ego
1949 3935 2123 4001 Iohannes
2146 3933 2269 4012 ludex,
2295 3938 2425 4003 masci-

569 4103 638 4154 nus
662 4085 883 4154 vestararius
906 4084 1018 4172 ipsius
1040 4085 1160 4154 domni
1183 4084 1356 4172 principis
1380 4088 1416 4153 et
1438 4085 1550 4160 ducis,
1575 4103 1639 4174 per
1661 4085 1852 4153 iussionem
1876 4085 2020 4154 illorum
2035 4087 2191 4154 ostendit
2212 4087 2349 4175 scripta
2370 4089 2424 4158 ita

570 4207 803 4307 continentia:
829 4241 903 4325 Ego
916 4239 1118 4307 romoaldus
1142 4258 1206 4326 pro
1228 4241 1332 4325 parte
1344 4239 1578 4326 suprascripti
1603 4239 1723 4308 domni
1738 4241 1849 4310 nostri
1865 4243 2060 4328 guaimarii
2076 4243 2251 4330 principis
2266 4245 2303 4310 et
2317 4244 2417 4312 ducis
2487 4219 2489 4224 ⁵

566 4393 671 4462 divisi
696 4412 780 4472 res,
816 4413 906 4482 quas
929 4393 1004 4481 ipse
1027 4395 1177 4462 domnus
1201 4394 1366 4482 princeps
1389 4396 1426 4462 et
1448 4393 1522 4462 dun
1546 4413 1751 4464 communes
1775 4399 1883 4466 habet
1914 4399 2093 4486 cumipse
2117 4399 2244 4467 domno
2267 4399 2420 4488 guidone

563 4547 654 4616 duce
678 4550 714 4614 et
737 4548 897 4634 paldult'o
921 4547 1095 4617 tratribus
1119 4549 1192 4616 suis
1216 4550 1254 4616 in
1270 4549 1532 4617 subscrivendis
1547 4549 1647 4627 locis;
1673 4551 1831 4619 Primam
1854 4555 1985 4619 sortem
2009 4553 2074 4618 leci
2098 4570 2175 4620 esse
2190 4555 2327 4622 terram
2343 4574 2424 4622 cum

561 4704 709 4772 arbusto
734 4701 877 4770 deloco
901 4705 1078 4779 muntoro,
1105 4705 1164 4770 ubi
1189 4701 1386 4771 selleczano
1410 4704 1570 4782 dicitur,
1596 4724 1711 4792 quea
1734 4709 1838 4791 parte
1860 4705 2054 4773 occidentis
2078 4709 2271 4775 coniuncta
2293 4713 2349 4775 est
2372 4709 2418 4776 ad

570 4855 695 4935 riam,
720 4859 757 4924 et
779 4873 858 4924 eam
882 4859 982 4925 tenet
1006 4875 1110 4925 ursus
1131 4859 1227 4927 illius
1250 4859 1469 4944 grimoaldi,
1494 4861 1531 4925 et
1554 4859 1690 4926 terram
1713 4878 1793 4926 cum
1817 4861 1962 4927 arbusto
1987 4861 2131 4947 ibique,
2168 4881 2237 4949 que
2268 4881 2291 4929 a
2317 4868 2424 4950 parte

571 5011 721 5079 orientis
744 5009 935 5078 coniuncta
959 5015 1013 5078 est
1036 5011 1081 5078 ad
1104 5010 1218 5098 ipsam
1243 5011 1365 5088 viam,
1405 5011 1536 5080 etiam
1561 5017 1660 5080 tenet
1682 5012 1856 5081 bisantius
1879 5015 2067 5100 presbiter.
2108 5019 2153 5083 Et
2176 5019 2313 5084 terram
2336 5037 2416 5085 cum

564 5163 710 5230 arbusto
733 5161 776 5229 dc
799 5164 921 5230 eodem
945 5165 1022 5232 loco
1042 5216 1193 5232 ......
1220 5165 1307 5252 pede
1332 5164 1475 5243 montis,
1500 5167 1537 5233 et
1561 5183 1640 5234 eam
1663 5169 1762 5234 tenet
1785 5167 1859 5254 ipse
1884 5167 2059 5238 bisantius
2075 5170 2261 5254 presbiter.
2293 5175 2338 5240 Et
2353 5176 2425 5240 ter-

565 5333 643 5384 ram
667 5331 748 5381 cum
772 5317 918 5382 arbusto
942 5287 1075 5402 ibique,
1101 5335 1208 5404 quam
1233 5317 1366 5386 retinet
1389 5318 1463 5406 ipse
1487 5320 1658 5387 bisantius
1681 5320 1870 5406 presbiter.
1898 5323 1943 5388 Et
1965 5325 2100 5390 terram
2116 5343 2196 5392 cum
2220 5327 2427 5394 abellaneto

561 5467 694 5554 ibique,
713 5471 917 5557 quam'ipne
941 5471 1116 5540 bisantius
1139 5473 1316 5560 presbiter
1340 5475 1484 5553 retinet,
1509 5480 1546 5544 et
1568 5481 1704 5546 terram
1727 5497 1808 5546 cum
1831 5479 2032 5550 abellaneto
2057 5481 2176 5569 ibique
2200 5483 2239 5551 in
2261 5485 2340 5553 loco
2355 5486 2422 5554 mi-

450 5651 454 5658 ·
561 5620 696 5700 seiano,
722 5641 829 5710 quam
854 5627 986 5696 retinet
1008 5629 1172 5697 maranci
1195 5630 1384 5718 presbiter,
1409 5636 1447 5699 et
1469 5637 1605 5700 terram
1630 5632 1796 5703 similiter
1819 5655 1899 5703 cum
1920 5687 2076 5705 ......
2102 5639 2264 5708 maranci
2286 5641 2423 5728 presbi-

561 5779 618 5846 ter
642 5778 786 5857 retinet,
823 5783 860 5848 et
882 5785 1018 5850 terram
1043 5803 1122 5850 cum
1148 5785 1351 5854 abellaneto
1374 5789 1411 5855 in
1434 5789 1556 5858 eodem
1580 5789 1668 5868 loco,
1695 5809 1802 5876 quam
1826 5791 1992 5861 similiter
2015 5795 2090 5881 ipse
2115 5795 2318 5863 marancius
2342 5813 2424 5882 pre·
