5372 7106
1264 517 1441 594 GODEX
1466 515 1739 594 ulvuusls

1339 830 1678 912 MCCXXIX

1373 1068 1433 1144 A.
1457 1065 1518 1142 ·D.
1546 1067 1670 1144 1056

641 1325 732 1419 111
753 1331 898 1401 nomine
921 1324 1072 1400 domini‘
1083 1333 1349 1420 quintodecimo
1373 1352 1468 1403 anno
1490 1331 1714 1420 principatus
1737 1331 1857 1400 domni
1880 1331 1995 1400 nostri
2018 1333 2141 1418 gisulfi
2157 1332 2334 1419 gloriosus
2349 1332 2448 1418 prin·

596 1503 692 1572 cepe,
718 1503 842 1554 mense
868 1489 982 1565 lunio,
1009 1505 1107 1556 nona
1133 1488 1342 1556 indictione.
1368 1490 1655 1556 Memoratorium
1679 1488 1813 1555 factum
1837 1506 1861 1555 a
1882 1506 1938 1554 me
1963 1487 2113 1556 alferius
2138 1487 2311 1555 diaconus
2333 1488 2371 1554 61
2393 1505 2451 1554 ar-

596 1638 837 1726 chipresbiter
860 1643 898 1707 et
921 1643 1035 1708 abbas
1058 1641 1208 1709 ecclesie
1232 1643 1349 1711 sancti
1372 1642 1538 1720 maximi,
1564 1643 1626 1730 qui
1650 1661 1729 1709 sum
1753 1659 1846 1711 unus
1869 1660 1915 1709 ex
1939 1642 2028 1720 illis,
2046 1641 2176 1728 quibus
2199 1643 2279 1730 ipsa
2301 1641 2456 1710 ecclesia

596 1793 769 1879 pertinet,
795 1798 882 1861 ante
905 1794 1052 1862 idoneos
1076 1795 1252 1872 homines,
1277 1811 1343 1880 per
1365 1794 1628 1862 combenientia
1652 1794 1786 1862 tradidi
1808 1794 1959 1864 iohanni
1980 1793 2055 1862 filio
2072 1793 2251 1881 quondam
2266 1793 2452 1879 guaripoti

595 1948 774 2034 integrum
797 1947 969 2014 molinum
995 1946 1239 2033 pertinentem
1262 1946 1377 2034 ipsius
1400 1945 1562 2024 ecclesie,
1588 1946 1681 2032 quod
1704 1947 1910 2015 edificatum
1933 1949 1988 2013 est
2010 1946 2050 2014 in
2071 1947 2180 2015 dubio
2203 1945 2342 2024 lirin'o,
2370 1965 2451 2013 cum

598 2100 689 2167 mole
712 2102 749 2167 et
771 2099 977 2168 terraturiis
1000 2097 1091 2165 eius:
1116 2098 1210 2167 idest
1233 2119 1314 2167 curn
1338 2101 1438 2168 becte
1462 2101 1506 2168 de
1530 2101 1693 2177 ferrum,
1719 2103 1756 2167 et
1780 2099 1896 2167 tribus
1920 2098 2076 2177 anellis,
2102 2101 2139 2165 et
2161 2099 2387 2176 seruriccla,
2412 2103 2451 2166 et

596 2257 732 2325 renola.
758 2257 898 2322 etcum
922 2253 1114 2322 arkaturia
1138 2273 1216 2332 sua,
1242 2256 1279 2321 61
1301 2254 1412 2332 166116,
1439 2256 1579 2322 etcum
1603 2253 1743 2322 homnis
1766 2255 1840 2321 suis
1863 2252 2117 2341 pertinentiis,
2142 2254 2180 2321 61
2202 2253 2389 2329 sedimen,
2415 2258 2456 2320 61

595 2427 676 2476 cum
700 2409 780 2476 bice
804 2409 848 2476 de
873 2409 932 2476 via
956 2427 1035 2487 sua,
1061 2407 1221 2496 qualiter
1243 2411 1320 2495 ipso
1344 2407 1514 2475 molinum
1537 2408 1739 2494 legitimum
1762 2426 1955 2476 macenare
1978 2410 2120 2495 posset,
2146 2427 2228 2476 curn
2254 2426 2319 2475 usu
2343 2425 2459 2494 aqua-

597 2581 677 2629 rum
701 2563 745 2630 de
769 2566 884 2650 ipsum
908 2563 1111 2641 molinum,
1137 2564 1296 2650 qualiter
1320 2561 1425 2628 illum
1450 2579 1562 2648 usque
1586 2579 1681 2630 nunc
1704 2560 1937 2628 molinatores
1960 2563 2181 2640 tenuerunt,
2221 2560 2347 2629 taliter
2370 2561 2456 2628 illut

595 2716 630 2783 ei
653 2711 799 2794 tradidi,
825 2716 873 2784 ud
896 2715 1022 2783 amodo
1045 2718 1082 2782 61
1105 2733 1218 2802 usque
1242 2733 1353 2781 unum
1377 2732 1513 2780 annum
1537 2713 1766 2798 completum,
1785 2715 1826 2780 ut
1848 2731 1886 2780 se
1909 2714 2090 2799 compleat
2112 2713 2152 2781 in
2174 2713 2302 2781 ultimo
2325 2713 2384 2781 die
2407 2713 2455 2780 de

595 2869 840 2955 suprascripto
864 2886 999 2944 mense,
1024 2869 1061 2934 et
1083 2866 1148 2935 ille
1172 2866 1307 2933 eteius
1330 2865 1480 2934 heredes
1503 2865 1620 2934 licead
1644 2868 1767 2935 tenere
1790 2867 1919 2935 inclita
1942 2867 2318 2955 ipsatradictione,et
2340 2869 2455 2946 16166,

595 3027 632 3088 61
655 3020 771 3088 omnis
795 3019 942 3086 illorum
967 3017 1139 3087 utilitatis
1179 3019 1274 3085 iusta
1297 3017 1474 3085 rationem
1499 3017 1630 3086 ividem
1669 3020 1827 3088 facerent
1849 3023 1886 3088 61
1909 3023 2082 3099 aberent3
2122 3023 2160 3088 et
2182 3021 2240 3089 die
2278 3025 2459 3107 noctuque

596 3173 713 3261 ipsum
736 3175 910 3242 molinum
934 3171 1113 3242 custodire
1136 3173 1201 3242 ille
1224 3176 1360 3242 eteius
1384 3173 1554 3252 heredes,
1579 3175 1616 3240 et
1638 3173 1815 3244 ominibus
1838 3175 1997 3254 illorum,
2023 3178 2061 3244 et
2082 3175 2275 3252 conciare,
2302 3175 2459 3262 111611-

597 3323 726 3395 timum
748 3328 1137 3414 macenarepossatet
1158 3326 1189 3394 61
1213 3327 1291 3414 ipsa
1306 3327 1504 3396 ferraturis
1527 3326 1740 3396 adconciare
1763 3325 1906 3396 abuerit
1929 3345 1995 3414 ego
2018 3329 2076 3398 161
2098 3345 2321 3396 successores
2344 3347 2456 3406 meos,

596 3485 663 3550 aut
684 3499 769 3568 pars
792 3481 1037 3569 suprascripte
1060 3480 1210 3550 ecclesie
1234 3481 1319 3550 illut
1341 3479 1480 3550 faciant
1502 3480 1682 3559 concluse,
1713 3482 1751 3549 et
1773 3481 1846 3549 illis
1869 3481 1939 3549 sivi
1962 3481 2162 3559 adlubent,
2187 3484 2296 3567 prout
2318 3482 2455 3551 melius

596 3634 952 3723 potuerit31similiter
967 3637 1004 3702 et
1025 3635 1057 3703 61
1080 3635 1160 3722 ipsa
1183 3634 1371 3703 arcaturis
1393 3653 1458 3721 per
1480 3637 1590 3722 plena
1612 3636 1764 3722 ruperit,
1790 3655 1875 3723 pars
1897 3635 2009 3724 ipsius
2032 3635 2183 3704 ecclesie
2205 3635 2343 3704 iaciant
2373 3654 2461 3704 con·

595 3789 694 3858 ciere
717 3792 754 3857 et
778 3789 968 3868 mundare,
994 3793 1031 3858 et
1053 3788 1128 3857 illis
1151 3793 1189 3857 et
1210 3789 1390 3858 ominibus
1413 3789 1560 3857 illorum
1583 3789 1634 3858 ivi
1657 3789 1844 3868 adiubent‚
1864 3791 2005 3877 quando
2028 3789 2157 3858 melius
2178 3791 2366 3878 potuerint
2390 3809 2460 3878 per

594 3962 718 4012 omnes
740 3943 864 4022 vices,
890 3947 924 4010 et
947 3944 1086 4031 quando
1109 3945 1201 4010 mole
1225 3943 1264 4010 in
1287 3943 1404 4029 ipsum
1427 3943 1602 4010 molinum
1625 3960 1809 4012 necessum
1833 3942 1970 4020 fuerit,
2010 3960 2073 4011 nos
2096 3942 2153 4010 vel
2185 3961 2270 4030 pars
2292 3944 2460 4031 predicte

596 4097 746 4166 ecclesie
769 4098 892 4165 demus
914 4098 1045 4164 ividem
1069 4099 1160 4164 mole
1184 4100 1300 4174 bone,
1326 4096 1463 4164 6111116
1486 4096 1619 4164 ividem
1642 4098 1778 4183 ponant
1801 4099 1876 4184 ipse
1899 4087 2003 4174 mol-e,
2022 4096 2181 4185 qualiter
2204 4097 2391 4176 meruerit,
2419 4101 2460 4166 61

596 4253 689 4322 mole
712 4251 828 4320 veteri
850 4253 960 4321 deant
981 4254 1018 4319 et
1041 4251 1233 4339 adsignent
1255 4251 1294 4319 in
1317 4270 1403 4338 pars
1426 4251 1587 4338 predicte
1609 4250 1782 4330 ecclesie;
1818 4255 1856 4318 61
1877 4269 1982 4319 omne
2005 4251 2199 4331 molitura,
2224 4271 2295 4338 que
2317 4251 2369 4320 111
2390 4252 2464 4319 tol·

594 4409 730 4476 161661
754 4409 863 4483 abere
887 4405 1084 4492 potuerint,
1110 4407 1226 4473 totum
1250 4405 1334 4472 illut
1356 4403 1423 4471 sivi
1447 4405 1591 4481 abeant,
1617 4402 1949 4490 16616111111116,
1974 4403 2067 4492 quod
2091 4401 2285 4481 voluerint
2311 4406 2461 4472 tantum

595 4575 788 4648 peremne
811 4577 933 4628 mense
957 4578 1067 4647 usque
1090 4560 1305 4646 completum
1328 4557 1445 4646 ipsum
1484 4577 1619 4626 annum
1642 4545 1752 4632 deant
1788 4557 1833 4625 ad
1857 4576 1942 4644 pars
1963 4557 2127 4644 predicte
2165 4557 2318 4626 ecclesie
2343 4557 2465 4644 quad-

595 4721 677 4786 tuor
700 4714 857 4782 modiola
880 4719 917 4779 et
940 4713 1092 4780 medium
1118 4714 1162 4781 de
1184 4731 1341 4799 granum
1363 4713 1495 4778 bonum
1519 4709 1565 4777 ad
1588 4707 1746 4778 modium
1769 4705 1999 4786 domnicum,
2025 4709 2118 4796 quod
2142 4711 2196 4776 661
2218 4709 2463 4796 plateaticum

595 4873 716 4938 culma
739 4885 921 4946 mensura
939 4870 976 4935 et
997 4865 1028 4934 si
1052 4885 1117 4953 per
1140 4867 1294 4935 rubtura
1315 4863 1428 4950 ipsius
1451 4861 1653 4932 arkaturiis
1676 4861 1793 4949 ipsum
1816 4861 1989 4930 molinum
2011 4880 2123 4948 opera
2145 4861 2359 4949 perdiderit,
2390 4866 2454 4930 161

594 5043 660 5112 per
682 5025 791 5110 gente
813 5021 956 5110 puplica
980 5021 1117 5108 quanta
1139 5035 1250 5107 opera
1272 5015 1484 5105 perdiderit,
1502 5033 1567 5103 per
1590 5014 1781 5122 rationem,
1799 5033 1884 5101 pars
1907 5013 2020 5102 ipsius
2043 5015 2193 5084 ecclesie
2217 5015 2359 5103 inputet
2381 5015 2459 5084 sivi

595 5176 640 5244 de
664 5175 740 5258 ipso
763 5191 919 5261 granum
943 5189 1135 5260 peremne
1158 5187 1278 5239 mense
1301 5185 1366 5256 per
1389 5168 1588 5246 rationem,
1612 5167 1707 5236 61611
1729 5168 1864 5236 iustum
1887 5168 2024 5246 fuerit3
2050 5171 2156 5236 tantu
2179 5169 2254 5254 ipse
2278 5169 2463 5238 iohannes

596 5329 654 5395 161
676 5347 757 5397 suos
780 5328 929 5395 heredes
952 5346 1017 5415 per
1050 5345 1170 5394 omnes
1193 5325 1313 5402 vices,
1339 5323 1481 5411 quando
1507 5324 1582 5408 ipso
1605 5323 1780 5392 molinum
1802 5341 1912 5411 opera
1935 5322 2162 5409 perdiderit,
2198 5323 2294 5390 sicut
2315 5321 2463 5391 dictum

596 5487 663 5562 est,
688 5482 831 5570 inputet
853 5481 922 5550 sivi
945 5481 1031 5550 indo
1054 5498 1126 5548 una
1149 5479 1231 5556 die,
1256 5479 1297 5546 ut
1319 5477 1363 5545 dc
1386 5477 1467 5563 ipsa
1490 5477 1548 5544 die
1571 5476 1682 5545 deant
1705 5477 1751 5545 ad
1773 5495 1859 5564 pars
1881 5476 1995 5566 ipsius
2017 5477 2166 5546 ecclesie
2189 5477 2364 5545 molitura
2387 5497 2466 5565 per

596 5627 802 5714 rationem,
826 5637 921 5706 sicut
943 5636 1078 5704 iustum
1100 5635 1239 5712 luerit,
1271 5635 1308 5700 61
1329 5631 1461 5704 cotidie
1495 5631 1638 5721 quando
1661 5635 1835 5702 meruerit
1857 5635 1894 5701 et
1916 5651 2001 5720 pars
2024 5631 2194 5700 iamdicta
2216 5631 2365 5698 ecclesie
2390 5649 2464 5699 no·

594 5793 722 5873 luerit,
747 5796 785 5860 61
809 5792 939 5861 ividem
962 5809 1118 5879 granum
1142 5792 1305 5858 nostrum
1329 5788 1571 5859 direxerimus
1593 5807 1660 5876 pro
1683 5787 1950 5866 macinandum,
1967 5785 2104 5855 faciant
2127 5785 2232 5854 illum
2256 5803 2466 5854 macenare
