5452 7108
1006 513 1420 621 orruousrr'cus
2071 553 2125 630 ιι

305 725 430 794 sbiteri
440 731 599 800 ostendit
624 752 735 802 unum
751 735 925 822 scriptum
940 735 1195 807 coutinentem:
1222 741 1259 809 ln
1284 743 1426 809 nomine
1449 743 1585 811 domiui
1610 745 1779 815 vicesimo
1804 767 1894 816 nono
1919 767 2013 818 anno
2036 749 2171 838 princi·

306 891 411 974 patus
433 890 553 958 domni
577 893 690 962 nostri
714 895 904 981 guaimarii
931 897 1079 982 gloriosi
1102 898 1286 986 principis,
1305 903 1341 968 et
1365 919 1464 967 nono·
1479 920 1574 968 anno
1606 900 1756 970 ducatus
1781 903 1859 971 eius
1882 905 2023 973 amalfis
2046 907 2083 972 et
2104 905 2173 974 sir-

306 1043 428 1116 renti,
452 1047 490 1110 et
512 1047 613 1112 sexto
637 1066 731 1115 anno
754 1048 976 1137 principatus
999 1055 1037 1119 et
1060 1051 1216 1138 ipsorum
1251 1052 1446 1119 ducatuum
1481 1054 1606 1121 domni
1641 1055 1761 1140 gisulfi
1784 1055 1909 1124 eximii
1933 1057 2107 1145 principis
2130 1060 2170 1128 et

305 1195 406 1264 ducis
428 1198 493 1265 tilii
517 1197 605 1275 eius,
624 1219 743 1268 mense
767 1205 930 1289 augusto,
955 1205 1082 1271 octaba
1104 1203 1162 1272 die
1186 1205 1349 1273 intrante
1374 1205 1640 1292 quintadecima
1657 1208 1863 1277 indictione.
1891 1211 1983 1276 Ante
2006 1229 2063 1276 me
2082 1211 2166 1278 ade-

306 1351 459 1419 marium
483 1353 648 1421 comitem
671 1358 708 1422 et
732 1355 884 1424 iudicem
901 1357 992 1424 mele
1015 1357 1112 1425 illius
1128 1358 1252 1446 angeli
1268 1359 1458 1444 presbiteri
1481 1360 1611 1428 ostedit
1636 1379 1744 1428 unum
1768 1363 1912 1429 brebem
1936 1362 2028 1448 quod
2052 1359 2165 1430 conti-

306 1507 437 1574 nebat:
462 1506 500 1572 in
524 1507 664 1575 nomine
688 1507 822 1576 domini
839 1510 1004 1578 vicesimo
1020 1510 1171 1597 septimo
1189 1529 1283 1580 anno
1299 1511 1523 1599 principatus
1545 1513 1682 1580 salerni
1706 1513 1826 1581 domni
1849 1514 1963 1582 nostri
1975 1514 2168 1600 guaimarii

304 1661 452 1744 gloriosi
478 1661 666 1750 principis,
693 1667 729 1730 et
751 1664 900 1752 septimo
924 1685 1017 1733 anno
1033 1665 1256 1753 principatus
1271 1665 1348 1733 eius
1372 1685 1484 1753 capue
1507 1669 1544 1733 et
1559 1667 1711 1734 ducatus
1727 1667 1878 1745 amalfis,
1904 1671 1941 1734 et
1956 1661 2057 1736 sesto
2073 1688 2169 1737 anno

305 1812 462 1881 ducatus
488 1815 586 1882 illius
608 1817 782 1895 sirrenti‚
807 1821 844 1885 et
866 1822 994 1905 quarto
1017 1838 1111 1886 anno
1141 1819 1464 1908 suprascriptorum
1490 1819 1733 1908 principatum
1764 1823 1800 1888 et
1826 1821 2020 1890 ducatuum
2050 1823 2170 1892 domni

305 1968 435 2055 gisulfi
457 1967 580 2037 eximii
603 1971 776 2059 principis
799 1975 835 2038 et
857 1973 957 2040 ducis
979 1971 1045 2039 fllii
1068 1974 1157 2050 eius,
1184 1977 1220 2040 et
1243 1973 1350 2042 tertio
1366 1995 1460 2043 anno
1475 1975 1627 2044 ducatus
1643 1977 1789 2045 illorum
1805 1977 1925 2064 apulie
1942 1981 1979 2044 et
1993 1973 2167 2056 calabria,⁸

310 2145 428 2193 mense
451 2125 559 2204 iunio,
574 2127 821 2196 tertiadecima
835 2113 1049 2196 indictione.
1076 2131 1150 2214 Ego
1176 2130 1269 2196 mele
1292 2129 1386 2196 illius
1409 2130 1532 2216 angeli
1555 2131 1744 2216 presbiteri
1769 2133 1854 2198 ante
1879 2133 1986 2198 testes
2002 2132 2168 2218 prostitui

305 2281 397 2367 petri
422 2281 495 2348 illio
516 2281 672 2370 iaquinti
693 2282 882 2352 calculario
906 2282 1034 2370 viginti
1058 2282 1139 2350 auri
1164 2279 1293 2352 solidos
1316 2303 1387 2351 ana
1411 2285 1580 2371 quattuor
1603 2283 1684 2350 auri
1708 2283 1779 2350 tari
1803 2303 1867 2370 per
1889 2283 2053 2352 solidum.
2069 2284 2168 2352 Unde

305 2453 369 2520 per
391 2421 639 2504 convenientia
661 2436 797 2524 guadia
820 2436 929 2504 michi
952 2437 1027 2524 ipse
1050 2440 1175 2524 petrus
1198 2437 1297 2504 dedit
1319 2456 1384 2524 per
1406 2436 1666 2505 absolutionem
1691 2435 1803 2522 ipsius
1827 2436 1981 2524 iaquinti
2011 2438 2166 2524 genitori

304 2605 379 2665 suo,
405 2593 442 2656 et
464 2589 704 2658 fideiussorem
728 2591 837 2660 michi
861 2591 979 2680 posuit
1000 2591 1184 2679 seipsum,
1210 2595 1247 2660 et
1269 2593 1345 2680 ipse
1368 2591 1550 2678 iaquintus
1584 2591 1727 2678 genitor
1764 2590 1865 2671 eius;
1890 2596 1928 2660 et
1949 2612 2014 2679 per
2053 2592 2166 2680 ipsam

306 2742 475 2828 guadiam
497 2745 672 2830 obligavit
694 2763 732 2812 se
754 2749 791 2814 et
813 2765 894 2813 suos
917 2739 1065 2814 heredes
1082 2745 1234 2812 reddere
1258 2745 1368 2814 michi
1391 2745 1531 2831 meique
1555 2744 1759 2822 heredibus
1779 2744 1836 2811 vel
1860 2746 1919 2812 eui
1936 2748 2079 2813 brebem
2096 2747 2165 2814 iste

307 2896 343 2963 in
367 2916 511 2965 manum
534 2900 709 2986 paruerit,
723 2901 769 2968 ad
792 2902 930 2988 tempus
953 2901 996 2968 de
1020 2901 1265 2987 suprascripto
1289 2888 1409 2968 mense
1426 2899 1555 2986 viginti
1580 2901 1750 2986 quattuor
1766 2899 1847 2968 auri
1872 2899 2002 2978 solidos
2018 2900 2061 2968 de
2078 2901 2163 2976 tari,

304 3071 453 3136 quorum
477 3053 627 3140 quisque
650 3056 782 3122 habeat
805 3073 932 3122 aureos
956 3057 1102 3123 tarenos
1126 3057 1234 3122 bonos
1258 3057 1440 3156 quattuor,
1467 3059 1505 3122 ut
1529 3073 1593 3140 per
1616 3056 1725 3140 caput
1754 3053 1836 3122 illos
1859 3054 1946 3122 dare
1969 3058 2160 3141 possamus.

304 3209 349 3274 Et
369 3207 400 3274 si
424 3199 560 3286 taliter,
586 3211 626 3274 ut
648 3226 758 3295 supra
779 3207 927 3294 legitur,
953 3207 1028 3293 ipse
1052 3209 1174 3293 petrus
1197 3211 1234 3275 et
1256 3208 1332 3276 eius
1355 3206 1504 3274 heredes
1528 3206 1636 3273 michi
1655 3206 1796 3294 meique
1812 3207 2014 3284 heredibus,
2033 3207 2091 3274 vel
2107 3208 2165 3274 cui

306 3365 448 3430 brebem
472 3362 539 3429 iste
562 3361 600 3428 in
623 3381 730 3428 manu
753 3360 927 3448 paruerit,
942 3379 1012 3428 non
1034 3359 1318 3448 adimpleberint
1340 3363 1377 3443 et
1399 3361 1657 3448 suprascripta,
1677 3360 1734 3428 vel
1757 3379 1804 3428 ex
1828 3361 1878 3428 eis
1902 3361 2094 3447 quicquam
2110 3379 2165 3426 re-

309 3535 449 3584 movere
472 3520 533 3584 aut
554 3513 798 3584 contradicere
822 3513 1113 3600 presumpserint,
1131 3533 1197 3602 per
1219 3491 1522 3602 ipsam'guadiam
1544 3517 1620 3604 ipse
1643 3519 1768 3605 petrus
1783 3515 1957 3601 obligavit
1979 3535 2017 3583 se
2033 3518 2069 3582 et
2084 3533 2165 3583 suos

306 3671 465 3749 heredes,
491 3690 555 3758 per
578 3670 834 3739 absolutionem
862 3667 1013 3756 predicti
1036 3669 1195 3756 genitori
1219 3689 1306 3746 suo,
1333 3689 1542 3758 componere
1566 3671 1676 3738 michi
1699 3671 1842 3758 meique
1866 3670 2081 3748 heredibus,
2109 3671 2165 3738 vel

304 3827 363 3895 cui
379 3831 522 3896 brebem
537 3826 604 3894 iste
620 3827 658 3894 in
674 3847 820 3894 manum
836 3827 1010 3914 paruerit,
1027 3827 1073 3894 ad
1090 3770 1241 3914 duplum
1257 3826 1493 3913 suprascripti
1509 3825 1626 3902 solidi,
1645 3828 1681 3892 et
1696 3825 1789 3894 sicut
1804 3825 1968 3912 superius
1991 3823 2165 3912 scriptum

305 3985 370 4057 est,
395 3982 603 4068 adimplere,
629 3983 666 4050 et
687 3999 752 4069 per
774 3979 1060 4048 convenientiam
1083 3979 1159 4064 ipse
1183 3982 1307 4066 petrus
1322 3981 1359 4046 et
1381 3962 1564 4066 iaquintus
1587 3979 1691 4065 pater
1714 3976 1888 4054 attilius,
1915 3977 1978 4063 qui
2001 3980 2085 4046 suut
2108 3975 2167 4043 de-

310 4135 401 4202 vitor
423 4135 460 4200 et
480 4129 687 4212 fideiussor,
713 4134 930 4203 nominative
953 4135 1198 4220 apposuerunt
1224 4135 1260 4198 et
1282 4130 1534 4216 obligaberunt
1567 4127 1678 4200 michi
1702 4127 1845 4215 meique
1868 4126 2082 4196 heredibus.
2108 4125 2166 4192 vel

304 4289 362 4358 eui
386 4283 529 4358 brebem
552 4289 620 4356 iste
644 4290 683 4357 in
707 4284 818 4359 manu
842 4283 1014 4375 paruerit,
1040 4286 1086 4355 ad
1108 4284 1371 4374 pignerandum
1398 4283 1525 4352 inclita
1548 4286 1656 4352 rebus
1681 4281 1841 4359 illorum,
1867 4283 2013 4369 quaest
2036 4279 2168 4348 medie·

305 4447 415 4512 tatem
449 4445 592 4512 deloco
615 4462 837 4532 capaczana‚
863 4461 931 4530 que
965 4442 1012 4508 da
1034 4442 1138 4528 parte
1160 4439 1309 4507 orientis
1340 4437 1531 4507 coniuncta
1563 4441 1618 4506 est
1641 4437 1688 4505 ad
1710 4435 1881 4515 dubium,
1918 4433 2010 4523 quod
2035 4433 2166 4502 lirinus

304 4599 448 4678 dicitur,
473 4603 510 4668 et
532 4620 555 4668 a
578 4603 681 4688 parte
703 4598 896 4667 occidentis
919 4597 1109 4664 coniuncta
1132 4598 1187 4665 est
1210 4595 1256 4662 ad
1281 4595 1375 4662 viam
1398 4593 1591 4679 publicam,
1610 4610 1677 4677 que
1701 4593 1755 4656 est
1770 4588 2009 4688 pertinentem
2033 4589 2165 4662 medie-

305 4757 415 4822 tatem
438 4755 623 4842 adipsum
647 4756 801 4842 petrum,
816 4755 852 4820 et
875 4753 989 4839 ipsam
1013 4749 1241 4818 medietatem
1264 4749 1303 4815 in
1325 4746 1566 4834 suprascripto
1590 4741 1742 4816 hordine
1765 4742 2007 4830 apposuerunt
2021 4744 2058 4808 et
2080 4736 2165 4808 obli·

304 4913 485 4998 gaverunt
519 4901 564 4978 ad
587 4901 849 4997 pignerandum
873 4907 982 4976 michi
1006 4905 1145 4992 meique
1169 4901 1383 4978 heredibus,
1408 4903 1445 4967 et
1467 4899 1543 4986 ipse
1562 4901 1689 5013 petrus
1712 4895 1822 4964 aliter
1855 4893 1907 4962 sic
1930 4892 2095 4981 apposuit
2118 4893 2181 4962 ad·

306 5065 563 5154 pignerandum
587 5065 633 5133 ad
656 5065 772 5152 ipsum
795 5059 994 5148 genitorem
1016 5077 1138 5127 omnes
1162 5075 1220 5124 res
1243 5059 1280 5124 et
1302 5074 1429 5124 causas
1451 5071 1534 5123 suas
1558 5050 1740 5138 legitimas
1763 5053 1800 5117 et
1823 5048 2055 5136 inlegitimas,
2072 5051 2110 5114 et
2124 5066 2163 5116 ec

304 5224 549 5312 suprascripta
572 5222 657 5290 lecit
679 5222 755 5308 ipse
777 5222 898 5306 petrus
921 5217 986 5304 ρει·
1002 5215 1262 5286 absolutionem
1285 5212 1396 5300 ipsius
1418 5210 1574 5298 genitori
1596 5227 1673 5287 suo,
1691 5210 1728 5274 et
1750 5207 1871 5294 ibique
1881 5171 2164 5274 'illum‘astames

305 5384 342 5447 et
362 5399 429 5465 ego
453 5377 635 5466 predictus
659 5379 753 5446 mele
774 5393 815 5442 ec
830 5369 1073 5460 suprascripta
1095 5370 1163 5438 leci
1187 5387 1252 5455 per
1271 5364 1528 5435 absolutionem
1545 5359 1698 5449 predicti
1712 5359 1868 5447 genitori
1884 5379 1975 5428 meo:
1993 5363 2029 5426 et
2045 5358 2165 5427 taliter

304 5533 372 5621 ipsi
387 5537 491 5621 pater
506 5535 542 5598 et
553 5531 647 5599 illius
665 5548 720 5597 me
737 5525 956 5596 romoaldum
973 5523 1153 5592 notarium
1166 5521 1324 5589 scrivere
1340 5517 1573 5605 rogaverunt,
1588 5535 1654 5603 ego
1668 5515 1871 5583 romoaldus
1884 5533 1940 5580 me
1956 5511 2162 5599 subscripsi,

304 5707 370 5775 ego
393 5686 560 5755 alderissi
577 5683 738 5754 notarius
761 5701 817 5752 me
841 5673 1046 5766 subscripsi;
1064 5681 1101 5746 et
1123 5696 1204 5744 cum
1228 5675 1451 5744 suit1ectum
1475 5673 1591 5759 ipsum
1608 5672 1764 5747 brebem,
1782 5688 1848 5755 ego
1872 5688 1953 5735 cum
1976 5665 2161 5754 ipso'mele

307 5841 352 5909 ad
374 5841 637 5928 suprascriptas
660 5857 730 5918 res,
757 5855 845 5923 quas
868 5836 902 5902 ei
926 5835 994 5922 ipsi
1017 5835 1121 5920 pater
1147 5833 1184 5898 et
1205 5831 1299 5899 filius
1324 5827 1541 5897 nominative
1566 5829 1809 5913 apposuerunt
1833 5825 1871 5893 in
1895 5825 2062 5892 iamdicto
2086 5826 2162 5891 loco
