5454 7104
619 492 663 568 92
821 511 822 514 ’
1277 495 1451 569 Consx
1480 495 1750 570 cnvnbsrs

562 690 741 766 dietatem,
768 697 804 759 et
827 692 902 778 ipso
926 693 1071 760 missum
1095 692 1210 759 medie
1225 695 1368 770 tatem,
1394 697 1585 762 sortionem
1610 696 1654 762 de
1677 694 1752 782 ipso
1777 694 1922 770 binum,
1947 692 2038 779 quod
2062 699 2101 757 at
2123 691 2283 776 partibus
2307 688 2415 774 ipsius

558 845 765 912 monasterii
788 849 824 912 et
847 845 1019 913 iamdicta
1042 865 1185 932 gemma
1208 847 1394 923 ebenerit,
1421 847 1509 918 illut
1534 848 1705 914 atducant
1730 865 1839 934 usque
1862 847 1901 912 at
1923 845 2095 920 cellario,
2120 844 2213 930 quod
2236 861 2320 930 pars
2344 863 2416 909 mo-

559 999 708 1067 nasterii
731 1001 768 1066 ot
791 999 960 1068 iamdicta
984 1021 1128 1086 gemma
1152 1004 1234 1068 abet
1258 1001 1295 1068 in
1319 1003 1434 1068 locum
1459 1000 1721 1069 barbacianum
1757 1000 1800 1066 de
1823 999 1898 1086 ipso
1933 1004 2130 1067 mercatum
2154 999 2191 1066 in
2214 1002 2338 1076 subto,
2378 1002 2414 1065 et

558 1153 710 1220 midtant
733 1154 808 1240 ipso
832 1154 954 1222 binum
978 1154 1017 1222 in
1042 1173 1217 1240 organon,
1236 1155 1330 1242 quod
1354 1155 1387 1222 ei
1411 1157 1456 1222 ab
1479 1155 1555 1242 ipso
1580 1157 1729 1223 cellario
1752 1155 1968 1232 dederimus
1986 1155 2048 1240 qui
2070 1173 2135 1240 per
2152 1154 2236 1221 illut
2257 1155 2416 1220 tlatcon·

559 1309 719 1386 oiatum,
746 1313 785 1376 ut
808 1288 949 1376 iurtum
973 1310 1109 1388 tuerit,
1138 1314 1326 1398 sequentes
1351 1311 1499 1388 binum,
1539 1311 1631 1399 quod
1655 1312 1721 1378 ille
1745 1312 1796 1379 ibi
1820 1311 1983 1386 miserit,
2008 1313 2045 1376 et
2066 1311 2150 1377 dum
2174 1330 2237 1397 pro
2261 1309 2336 1396 ipso
2360 1309 2413 1375 bi-

557 1481 643 1530 num
668 1465 921 1552 recipiendum,
949 1466 1026 1553 ipso
1054 1465 1201 1533 missum
1225 1466 1274 1534 ibi
1297 1467 1449 1544 steterit,
1475 1462 1556 1533 illut
1580 1466 1798 1542 nutricare,
1823 1465 1916 1532 sicut
1939 1465 2132 1542 meruerit,
2158 1467 2195 1531 et
2217 1463 2414 1550 palmento-

564 1619 674 1686 ticum
699 1621 732 1688 ei
755 1621 864 1688 deant
887 1622 991 1689 iuxta
1017 1623 1191 1690 rationem
1213 1648 1221 1700 ς
1259 1624 1295 1688 et
1318 1623 1361 1690 de
1386 1623 1477 1710 quod
1512 1623 1643 1690 ibidem
1667 1621 1881 1688 seminatum
1905 1620 2014 1688 tuerit
2036 1620 2144 1688 deant
2167 1599 2248 1686 inde
2272 1617 2414 1706 adipso

559 1774 707 1843 missum
730 1777 969 1856 terraticum,
1011 1777 1521 1846 secundumconsuetudinem
1558 1778 1603 1843 de
1628 1779 1701 1862 ipso
1726 1777 1854 1842 locum.
1895 1777 1931 1841 et
1954 1776 2059 1861 quale
2097 1777 2254 1861 ternpore
2277 1773 2323 1840 da
2346 1775 2413 1860 ipsi

562 1928 746 1997 duodecim
771 1929 858 1996 anni
881 1929 918 1996 in
942 1933 1054 1996 antea
1078 1931 1158 2016 ipsa
1182 1929 1394 1997 tradictione
1417 1930 1454 1996 in
1470 1929 1711 2016 suprascripto
1734 1927 1857 1996 ordine
1881 1928 2028 1996 reddere
2051 1929 2242 2006 noluerint,
2257 1930 2320 1995 aut
2343 1947 2413 1996 non

557 2082 749 2172 potuerint,
775 2083 883 2152 liceat
906 2084 971 2152 ille
996 2087 1032 2150 et
1055 2103 1136 2152 suos
1159 2084 1282 2150 eredes
1307 2083 1388 2150 inde
1412 2083 1515 2150 exire
1539 2103 1627 2150 cum
1650 2083 1763 2150 omnis
1788 2102 1896 2150 causa
1919 2102 1984 2151 sua
2007 2082 2164 2160 mobilia;
2182 2085 2218 2149 et
2240 2083 2318 2168 ipsa
2341 2085 2414 2150 tra·

558 2236 713 2304 dictione
735 2237 899 2304 lavorata
921 2241 957 2304 et
983 2237 1121 2304 cultata
1144 2241 1181 2304 et
1202 2241 1303 2304 suria
1328 2238 1539 2305 remidtant
1562 2240 1601 2304 at
1624 2239 1786 2325 partibus
1820 2239 1931 2325 ipsius
1965 2237 2199 2314 monasterii,
2235 2240 2272 2304 et
2304 2237 2414 2322 ipsius

558 2409 709 2477 gemme,
734 2393 790 2458 vel
814 2394 852 2459 at
874 2391 975 2460 illius
999 2393 1138 2460 eredes.
1165 2393 1263 2460 Unde
1287 2413 1351 2480 per
1374 2391 1660 2478 combenientia‚
1685 2395 1722 2458 et
1744 2411 1833 2478 erga
1855 2410 1991 2458 mecum
2015 2391 2151 2459 abendo
2174 2393 2412 2460 atvocatorem

556 2549 666 2637 ipsius
693 2549 912 2628 monasterii,
937 2551 1111 2637 guadiam
1135 2551 1235 2618 nobis
1258 2551 1333 2636 ipse
1358 2550 1527 2621 rainaldo
1552 2549 1660 2625 dedit,
1687 2551 1724 2614 et
1744 2548 1976 2615 fideiuxorem
2000 2547 2098 2615 nobis
2122 2548 2238 2634 posuit
2259 2547 2411 2634 seipsum

456 2765 457 2768 ,
556 2704 840 2792 suprascriptum
865 2705 1062 2781 rainaldus,
1088 2707 1124 2771 et
1147 2723 1211 2790 per
1238 2705 1315 2790 ipsa
1341 2705 1474 2790 guadio
1499 2708 1573 2771 etc:
1603 2705 1806 2790 Corrrpostta
1837 2724 1962 2791 pano,
2003 2705 2160 2788 triginta
2190 2705 2278 2771 anri
2293 2705 2414 2770 solidis

555 2861 882 2927 constantinianas.
908 2858 1000 2944 quod
1023 2859 1149 2945 scripsi
1173 2876 1237 2944 ego
1261 2862 1383 2945 petrus
1406 2858 1680 2945 protonotarius,

600 3011 627 3102 †
652 3015 725 3097 Ego
748 3011 979 3098 guisenoltus

599 3167 626 3256 †
651 3169 689 3232 ln
712 3186 752 3233 oc
776 3185 842 3252 ego
867 3168 989 3252 petrus
1013 3167 1164 3232 affirmo.

1307 3653 1310 3657 ‚
1349 3549 1586 3630 Moxrv

1334 3829 1393 3904 A.
1421 3826 1477 3902 D.
1506 3829 1630 3904 1049

599 4091 627 4183 †
652 4095 689 4159 ln
714 4095 859 4162 nomine
882 4095 1016 4162 domini
1045 4095 1224 4163 tricesimo
1249 4095 1401 4163 secundo
1424 4113 1518 4160 anno
1542 4093 1765 4182 principatus
1790 4092 1909 4161 domni
1922 4093 2035 4160 nostri
2049 4092 2245 4160 Guaimarii
2267 4095 2412 4180 gloriosi

555 4248 711 4336 principi
735 4252 771 4316 et
795 4249 981 4316 undecimo
1005 4269 1099 4316 anuo
1123 4249 1272 4326 ducatus
1295 4248 1371 4316 eius
1396 4249 1544 4316 Amaltls
1568 4249 1605 4316 et
1627 4247 1787 4325 sinenti,
1812 4250 1994 4314 etoctabo
2017 4267 2111 4316 anno
2134 4249 2413 4335 principatuset

556 4404 713 4490 ipsorum
738 4403 937 4472 ducatuum
961 4403 1078 4470 domni
1102 4403 1220 4488 gisulfi
1244 4401 1369 4469 eximii
1392 4401 1551 4488 principi
1574 4403 1611 4468 et
1633 4401 1732 4468 ducis
1755 4400 1820 4470 tilii
1844 4401 1932 4479 eius,
1950 4419 2070 4468 mense
2094 4403 2284 4480 februario,
2304 4403 2413 4471 tertia

554 4556 760 4624 indictione.
787 4559 1084 4626 Memoratorium
1109 4560 1241 4624 tactum
1266 4575 1287 4624 a
1311 4575 1366 4624 me
1390 4559 1512 4643 petrus
1533 4555 1626 4623 filius
1660 4556 1832 4643 quondam
1856 4557 2019 4625 landonis
2042 4557 2175 4624 deloco
2198 4557 2354 4636 nucerie,
2371 4576 2412 4624 eo

563 4712 656 4798 quod
684 4715 769 4778 ante
792 4711 974 4798 presentia
997 4711 1115 4778 domni
1139 4710 1285 4778 iohanni
1308 4710 1433 4796 egregi
1456 4710 1697 4796 archipresuli
1722 4713 1848 4778 sancte
1882 4711 1975 4779 sedis
2005 4710 2324 4798 archiepiscopatui
2358 4731 2413 4779 sa-

558 4863 758 4941 lernitano,
783 4867 819 4931 et
843 4869 925 4932 aute
951 4865 1096 4932 idoneos
1119 4865 1306 4939 homines,
1331 4883 1395 4950 per
1419 4863 1614 4932 iussionem
1638 4865 1749 4952 ipsius
1772 4863 1892 4932 domni
1915 4865 2177 4951 archipresuli,
2202 4884 2267 4954 per
2289 4885 2414 4934 conve-

554 5018 700 5085 nientia
724 5019 873 5086 tradidit
896 5015 1003 5086 michi
1030 5018 1221 5107 iaquintus
1244 5017 1479 5087 subdiaconus
1503 5037 1575 5086 una
1597 5020 1698 5105 pecia
1720 5019 1763 5086 de
1786 5023 1886 5086 terra
1909 5038 1989 5086 cum
2013 5020 2167 5087 arbustis
2198 5040 2305 5108 quam
2328 5039 2412 5108 pars

560 5169 712 5256 predicti
737 5170 1006 5259 archiepiscopii
1036 5173 1145 5240 babet
1169 5173 1206 5249 in
1229 5173 1349 5240 eodem
1374 5174 1449 5240 loco
1474 5171 1632 5250 nucerie,
1658 5173 1719 5240 ubi
1742 5175 1875 5241 casella
1898 5175 2050 5253 dicitur,
2077 5194 2145 5262 que
2169 5179 2223 5243 est
2244 5194 2303 5264 per
2325 5177 2411 5243 flues

559 5325 597 5390 et
621 5341 806 5391 mensuras
829 5325 921 5392 iusto
945 5344 1050 5412 passu
1079 5325 1240 5392 hominis
1263 5329 1497 5395 mensuratos,
1534 5327 1564 5392 Α
1588 5329 1691 5411 parte
1715 5327 1862 5395 meridie
1886 5331 1940 5396 cst
1961 5329 2030 5395 fine
2053 5330 2113 5396 via
2136 5330 2307 5417 puplica,
2343 5349 2412 5416 que

563 5475 664 5543 ducit
686 5477 781 5544 inter
805 5480 869 5546 has
893 5499 950 5546 res
975 5482 1011 5545 et
1034 5480 1127 5548 olias
1152 5499 1209 5548 res
1232 5481 1343 5569 ipsius
1367 5479 1639 5569 archiepiscopii
1663 5482 1699 5547 ot
1721 5481 1816 5568 passi
1839 5481 1992 5568 triginta
2015 5485 2051 5549 et
2075 5443 2215 5550 cubitus
2238 5503 2349 5562 unus,
2374 5491 2412 5551 et

562 5629 606 5697 de
630 5630 712 5698 aliis
736 5631 850 5700 tribus
873 5632 1036 5719 partibus
1060 5636 1114 5700 est
1137 5635 1206 5699 tlne
1231 5634 1314 5702 aliis
1337 5638 1443 5702 rebus
1465 5635 1617 5722 predicti
1641 5631 1921 5722 archiepiscopii:
1939 5655 1961 5700 a
1985 5639 2089 5722 parte
2113 5637 2305 5705 occidentis
2327 5645 2411 5706 sunt

559 5785 655 5871 passi
679 5786 869 5872 sexaginta
893 5790 965 5854 tres
990 5789 1026 5853 et
1050 5787 1217 5854 medium:
1244 5808 1266 5854 a
1289 5791 1391 5874 parte
1414 5787 1676 5874 septemtrionis
1699 5790 1785 5856 sunt
1807 5787 1903 5876 passi
1926 5788 2089 5873 triginta
2113 5809 2234 5866 unum;
2263 5797 2411 5878 aparte
