<?xml version="1.0" encoding="UTF-8"?>
<!DOCTYPE html PUBLIC "-//W3C//DTD XHTML 1.0 Transitional//EN"
    "http://www.w3.org/TR/xhtml1/DTD/xhtml1-transitional.dtd">
<html xmlns="http://www.w3.org/1999/xhtml" xml:lang="en" lang="en">
 <head>
  <title>
</title>
<meta http-equiv="Content-Type" content="text/html;charset=utf-8" />
  <meta name='ocr-system' content='tesseract 3.04.00' />
  <meta name='ocr-capabilities' content='ocr_page ocr_carea ocr_par ocr_line ocrx_word'/>
</head>
<body>
  <div class='ocr_page' id='page_1' title='image "./codexdiplomatic01aragoog_0213.png"; bbox 0 0 5398 7106; ppageno 0'>
   <div class='ocr_carea' id='block_1_1' title="bbox 1018 429 2147 588">
    <p class='ocr_par' dir='ltr' id='par_1_1' title="bbox 1018 429 2147 588">
     <span class='ocr_line' id='line_1_1' title="bbox 1018 429 2147 588; baseline 0.004 -30"><span class='ocrx_word' id='word_1_1' title='bbox 1018 485 1423 588; x_wconf 78' lang='lat' dir='ltr'>errronrrruus</span> <span class='ocrx_word' id='word_1_2' title='bbox 1851 503 1856 512; x_wconf 95' lang='lat'>·</span> <span class='ocrx_word' id='word_1_3' title='bbox 2020 489 2084 563; x_wconf 84' lang='lat' dir='ltr'>ur</span> <span class='ocrx_word' id='word_1_4' title='bbox 2141 429 2147 440; x_wconf 39' lang='lat'>⁸</span> 
     </span>
    </p>
   </div>
   <div class='ocr_carea' id='block_1_2' title="bbox 285 680 2145 3857">
    <p class='ocr_par' dir='ltr' id='par_1_2' title="bbox 285 680 2145 3857">
     <span class='ocr_line' id='line_1_2' title="bbox 287 680 2131 775; baseline -0.004 -16"><span class='ocrx_word' id='word_1_5' title='bbox 287 695 369 761; x_wconf 88' lang='lat' dir='ltr'>bum</span> <span class='ocrx_word' id='word_1_6' title='bbox 393 707 504 775; x_wconf 91' lang='lat' dir='ltr'>nsque</span> <span class='ocrx_word' id='word_1_7' title='bbox 527 687 565 755; x_wconf 91' lang='lat' dir='ltr'>in</span> <span class='ocrx_word' id='word_1_8' title='bbox 588 686 677 774; x_wconf 88' lang='lat' dir='ltr'>pede</span> <span class='ocrx_word' id='word_1_9' title='bbox 700 687 743 752; x_wconf 93' lang='lat' dir='ltr'>de</span> <span class='ocrx_word' id='word_1_10' title='bbox 767 687 885 752; x_wconf 90' lang='lat' dir='ltr'>monte</span> <span class='ocrx_word' id='word_1_11' title='bbox 908 683 951 751; x_wconf 90' lang='lat' dir='ltr'>de</span> <span class='ocrx_word' id='word_1_12' title='bbox 974 681 1121 752; x_wconf 83' lang='lat' dir='ltr'>castello</span> <span class='ocrx_word' id='word_1_13' title='bbox 1145 680 1304 759; x_wconf 87' lang='lat' dir='ltr'>nucerie,</span> <span class='ocrx_word' id='word_1_14' title='bbox 1329 683 1366 748; x_wconf 89' lang='lat' dir='ltr'>et</span> <span class='ocrx_word' id='word_1_15' title='bbox 1389 683 1551 768; x_wconf 90' lang='lat' dir='ltr'>partibus</span> <span class='ocrx_word' id='word_1_16' title='bbox 1575 680 1685 770; x_wconf 85' lang='lat' dir='ltr'>ipsius</span> <span class='ocrx_word' id='word_1_17' title='bbox 1701 685 1856 754; x_wconf 84' lang='lat' dir='ltr'>ecclesie</span> <span class='ocrx_word' id='word_1_18' title='bbox 1880 685 2131 772; x_wconf 80' lang='lat' dir='ltr'>presentaliter</span> 
     </span>
     <span class='ocr_line' id='line_1_3' title="bbox 286 835 2132 930; baseline -0.003 -19"><span class='ocrx_word' id='word_1_19' title='bbox 286 845 361 930; x_wconf 92' lang='lat' dir='ltr'>ipso</span> <span class='ocrx_word' id='word_1_20' title='bbox 385 843 503 910; x_wconf 91' lang='lat' dir='ltr'>binum</span> <span class='ocrx_word' id='word_1_21' title='bbox 532 839 708 925; x_wconf 81' lang='lat' dir='ltr'>recipiant</span> <span class='ocrx_word' id='word_1_22' title='bbox 730 841 767 906; x_wconf 91' lang='lat' dir='ltr'>et</span> <span class='ocrx_word' id='word_1_23' title='bbox 790 840 976 925; x_wconf 90' lang='lat' dir='ltr'>portarent</span> <span class='ocrx_word' id='word_1_24' title='bbox 999 837 1058 904; x_wconf 90' lang='lat' dir='ltr'>ubi</span> <span class='ocrx_word' id='word_1_25' title='bbox 1084 835 1249 912; x_wconf 91' lang='lat' dir='ltr'>boluerit,</span> <span class='ocrx_word' id='word_1_26' title='bbox 1275 840 1312 904; x_wconf 91' lang='lat' dir='ltr'>et</span> <span class='ocrx_word' id='word_1_27' title='bbox 1335 837 1628 922; x_wconf 87' lang='lat' dir='ltr'>palmentaticum</span> <span class='ocrx_word' id='word_1_28' title='bbox 1643 839 1767 906; x_wconf 90' lang='lat' dir='ltr'>demus</span> <span class='ocrx_word' id='word_1_29' title='bbox 1790 839 1828 906; x_wconf 91' lang='lat' dir='ltr'>in</span> <span class='ocrx_word' id='word_1_30' title='bbox 1844 839 2006 926; x_wconf 84' lang='lat' dir='ltr'>pertibus</span> <span class='ocrx_word' id='word_1_31' title='bbox 2022 839 2132 926; x_wconf 89' lang='lat' dir='ltr'>ipsius</span> 
     </span>
     <span class='ocr_line' id='line_1_4' title="bbox 286 987 2135 1078; baseline -0.003 -14"><span class='ocrx_word' id='word_1_32' title='bbox 286 997 444 1071; x_wconf 82' lang='lat' dir='ltr'>ecclesie,</span> <span class='ocrx_word' id='word_1_33' title='bbox 470 997 563 1062; x_wconf 89' lang='lat' dir='ltr'>sicut</span> <span class='ocrx_word' id='word_1_34' title='bbox 586 993 803 1061; x_wconf 87' lang='lat' dir='ltr'>consuetudo</span> <span class='ocrx_word' id='word_1_35' title='bbox 826 993 891 1069; x_wconf 91' lang='lat' dir='ltr'>est,</span> <span class='ocrx_word' id='word_1_36' title='bbox 917 993 953 1058; x_wconf 90' lang='lat' dir='ltr'>et</span> <span class='ocrx_word' id='word_1_37' title='bbox 975 989 1019 1056; x_wconf 91' lang='lat' dir='ltr'>de</span> <span class='ocrx_word' id='word_1_38' title='bbox 1043 987 1135 1074; x_wconf 88' lang='lat' dir='ltr'>quod</span> <span class='ocrx_word' id='word_1_39' title='bbox 1160 987 1291 1054; x_wconf 90' lang='lat' dir='ltr'>ibidem</span> <span class='ocrx_word' id='word_1_40' title='bbox 1315 989 1528 1058; x_wconf 85' lang='lat' dir='ltr'>seminatum</span> <span class='ocrx_word' id='word_1_41' title='bbox 1552 992 1687 1071; x_wconf 87' lang='lat' dir='ltr'>suerit,</span> <span class='ocrx_word' id='word_1_42' title='bbox 1712 993 1835 1061; x_wconf 90' lang='lat' dir='ltr'>demus</span> <span class='ocrx_word' id='word_1_43' title='bbox 1859 993 1940 1060; x_wconf 88' lang='lat' dir='ltr'>inde</span> <span class='ocrx_word' id='word_1_44' title='bbox 1965 991 2002 1058; x_wconf 91' lang='lat' dir='ltr'>in</span> <span class='ocrx_word' id='word_1_45' title='bbox 2026 995 2135 1078; x_wconf 88' lang='lat' dir='ltr'>parti·</span> 
     </span>
     <span class='ocr_line' id='line_1_5' title="bbox 288 1148 2141 1238; baseline -0.002 -19"><span class='ocrx_word' id='word_1_46' title='bbox 288 1154 354 1220; x_wconf 90' lang='lat' dir='ltr'>bus</span> <span class='ocrx_word' id='word_1_47' title='bbox 379 1151 489 1238; x_wconf 91' lang='lat' dir='ltr'>ipsius</span> <span class='ocrx_word' id='word_1_48' title='bbox 512 1149 658 1216; x_wconf 76' lang='lat' dir='ltr'>ecclesie</span> <span class='ocrx_word' id='word_1_49' title='bbox 684 1149 892 1216; x_wconf 87' lang='lat' dir='ltr'>terraticum</span> <span class='ocrx_word' id='word_1_50' title='bbox 908 1149 1101 1216; x_wconf 89' lang='lat' dir='ltr'>secundum</span> <span class='ocrx_word' id='word_1_51' title='bbox 1124 1149 1415 1216; x_wconf 85' lang='lat' dir='ltr'>consuetudinem</span> <span class='ocrx_word' id='word_1_52' title='bbox 1439 1149 1483 1214; x_wconf 88' lang='lat' dir='ltr'>de</span> <span class='ocrx_word' id='word_1_53' title='bbox 1507 1149 1584 1236; x_wconf 90' lang='lat' dir='ltr'>ipso</span> <span class='ocrx_word' id='word_1_54' title='bbox 1609 1153 1738 1227; x_wconf 89' lang='lat' dir='ltr'>locum;</span> <span class='ocrx_word' id='word_1_55' title='bbox 1757 1150 1793 1214; x_wconf 91' lang='lat' dir='ltr'>et</span> <span class='ocrx_word' id='word_1_56' title='bbox 1817 1148 1900 1216; x_wconf 89' lang='lat' dir='ltr'>dum</span> <span class='ocrx_word' id='word_1_57' title='bbox 1917 1149 2047 1216; x_wconf 89' lang='lat' dir='ltr'>ibidem</span> <span class='ocrx_word' id='word_1_58' title='bbox 2071 1151 2141 1215; x_wconf 85' lang='lat' dir='ltr'>ste-</span> 
     </span>
     <span class='ocr_line' id='line_1_6' title="bbox 288 1303 2141 1392; baseline -0.001 -18"><span class='ocrx_word' id='word_1_59' title='bbox 288 1305 373 1374; x_wconf 90' lang='lat' dir='ltr'>terit</span> <span class='ocrx_word' id='word_1_60' title='bbox 397 1306 471 1392; x_wconf 92' lang='lat' dir='ltr'>ipso</span> <span class='ocrx_word' id='word_1_61' title='bbox 496 1307 641 1374; x_wconf 91' lang='lat' dir='ltr'>missum</span> <span class='ocrx_word' id='word_1_62' title='bbox 664 1325 729 1392; x_wconf 89' lang='lat' dir='ltr'>per</span> <span class='ocrx_word' id='word_1_63' title='bbox 752 1309 909 1392; x_wconf 88' lang='lat' dir='ltr'>tempore</span> <span class='ocrx_word' id='word_1_64' title='bbox 933 1325 996 1392; x_wconf 91' lang='lat' dir='ltr'>pro</span> <span class='ocrx_word' id='word_1_65' title='bbox 1020 1305 1098 1390; x_wconf 88' lang='lat' dir='ltr'>ipsa</span> <span class='ocrx_word' id='word_1_66' title='bbox 1122 1304 1243 1392; x_wconf 81' lang='lat' dir='ltr'>frugia</span> <span class='ocrx_word' id='word_1_67' title='bbox 1267 1303 1481 1392; x_wconf 89' lang='lat' dir='ltr'>recipiendo,</span> <span class='ocrx_word' id='word_1_68' title='bbox 1511 1323 1575 1372; x_wconf 91' lang='lat' dir='ltr'>nos</span> <span class='ocrx_word' id='word_1_69' title='bbox 1601 1305 1685 1372; x_wconf 92' lang='lat' dir='ltr'>illut</span> <span class='ocrx_word' id='word_1_70' title='bbox 1708 1305 1918 1381; x_wconf 90' lang='lat' dir='ltr'>nutriemus,</span> <span class='ocrx_word' id='word_1_71' title='bbox 1943 1305 2036 1372; x_wconf 88' lang='lat' dir='ltr'>sicut</span> <span class='ocrx_word' id='word_1_72' title='bbox 2059 1306 2141 1373; x_wconf 73' lang='lat' dir='ltr'>iux-</span> 
     </span>
     <span class='ocr_line' id='line_1_7' title="bbox 288 1433 2137 1548; baseline -0.001 -22"><span class='ocrx_word' id='word_1_73' title='bbox 288 1465 362 1528; x_wconf 89' lang='lat' dir='ltr'>tum</span> <span class='ocrx_word' id='word_1_74' title='bbox 386 1460 506 1535; x_wconf 75' lang='lat' dir='ltr'>luerit3</span> <span class='ocrx_word' id='word_1_75' title='bbox 521 1465 558 1528; x_wconf 91' lang='lat' dir='ltr'>et</span> <span class='ocrx_word' id='word_1_76' title='bbox 581 1463 686 1548; x_wconf 88' lang='lat' dir='ltr'>quale</span> <span class='ocrx_word' id='word_1_77' title='bbox 710 1463 868 1547; x_wconf 90' lang='lat' dir='ltr'>tempore</span> <span class='ocrx_word' id='word_1_78' title='bbox 892 1478 954 1528; x_wconf 89' lang='lat' dir='ltr'>nos</span> <span class='ocrx_word' id='word_1_79' title='bbox 977 1462 1014 1526; x_wconf 90' lang='lat' dir='ltr'>et</span> <span class='ocrx_word' id='word_1_80' title='bbox 1037 1433 1167 1530; x_wconf 83' lang='lat' dir='ltr'>nostris</span> <span class='ocrx_word' id='word_1_81' title='bbox 1191 1459 1354 1526; x_wconf 88' lang='lat' dir='ltr'>eredibus</span> <span class='ocrx_word' id='word_1_82' title='bbox 1378 1459 1456 1545; x_wconf 88' lang='lat' dir='ltr'>ipsa</span> <span class='ocrx_word' id='word_1_83' title='bbox 1479 1457 1625 1526; x_wconf 90' lang='lat' dir='ltr'>traditio</span> <span class='ocrx_word' id='word_1_84' title='bbox 1652 1458 1687 1525; x_wconf 93' lang='lat' dir='ltr'>in</span> <span class='ocrx_word' id='word_1_85' title='bbox 1711 1459 1953 1545; x_wconf 89' lang='lat' dir='ltr'>suprascripto</span> <span class='ocrx_word' id='word_1_86' title='bbox 1976 1460 2137 1526; x_wconf 87' lang='lat' dir='ltr'>ordinem</span> 
     </span>
     <span class='ocr_line' id='line_1_8' title="bbox 288 1613 2138 1698; baseline 0 -18"><span class='ocrx_word' id='word_1_87' title='bbox 288 1617 410 1680; x_wconf 90' lang='lat' dir='ltr'>tenere</span> <span class='ocrx_word' id='word_1_88' title='bbox 434 1619 470 1681; x_wconf 91' lang='lat' dir='ltr'>et</span> <span class='ocrx_word' id='word_1_89' title='bbox 494 1615 659 1682; x_wconf 90' lang='lat' dir='ltr'>lavorare</span> <span class='ocrx_word' id='word_1_90' title='bbox 684 1613 929 1690; x_wconf 88' lang='lat' dir='ltr'>noluerimus,</span> <span class='ocrx_word' id='word_1_91' title='bbox 966 1617 1122 1681; x_wconf 88' lang='lat' dir='ltr'>autnon</span> <span class='ocrx_word' id='word_1_92' title='bbox 1146 1613 1393 1698; x_wconf 86' lang='lat' dir='ltr'>potuerimus,</span> <span class='ocrx_word' id='word_1_93' title='bbox 1429 1613 1538 1680; x_wconf 88' lang='lat' dir='ltr'>liceat</span> <span class='ocrx_word' id='word_1_94' title='bbox 1561 1631 1623 1680; x_wconf 90' lang='lat' dir='ltr'>nos</span> <span class='ocrx_word' id='word_1_95' title='bbox 1646 1616 1684 1679; x_wconf 92' lang='lat' dir='ltr'>et</span> <span class='ocrx_word' id='word_1_96' title='bbox 1707 1613 1836 1680; x_wconf 88' lang='lat' dir='ltr'>nostris</span> <span class='ocrx_word' id='word_1_97' title='bbox 1868 1613 2032 1680; x_wconf 89' lang='lat' dir='ltr'>eredibus</span> <span class='ocrx_word' id='word_1_98' title='bbox 2056 1613 2138 1680; x_wconf 90' lang='lat' dir='ltr'>inde</span> 
     </span>
     <span class='ocr_line' id='line_1_9' title="bbox 287 1765 2137 1853; baseline -0.001 -19"><span class='ocrx_word' id='word_1_99' title='bbox 287 1767 388 1834; x_wconf 86' lang='lat' dir='ltr'>exire</span> <span class='ocrx_word' id='word_1_100' title='bbox 412 1787 492 1835; x_wconf 90' lang='lat' dir='ltr'>cum</span> <span class='ocrx_word' id='word_1_101' title='bbox 515 1768 611 1835; x_wconf 92' lang='lat' dir='ltr'>omni</span> <span class='ocrx_word' id='word_1_102' title='bbox 635 1786 743 1836; x_wconf 87' lang='lat' dir='ltr'>causa</span> <span class='ocrx_word' id='word_1_103' title='bbox 766 1770 890 1836; x_wconf 87' lang='lat' dir='ltr'>nostra</span> <span class='ocrx_word' id='word_1_104' title='bbox 913 1767 1084 1844; x_wconf 85' lang='lat' dir='ltr'>mobilia,</span> <span class='ocrx_word' id='word_1_105' title='bbox 1122 1769 1259 1853; x_wconf 91' lang='lat' dir='ltr'>etipsa</span> <span class='ocrx_word' id='word_1_106' title='bbox 1282 1765 1428 1836; x_wconf 88' lang='lat' dir='ltr'>traditio</span> <span class='ocrx_word' id='word_1_107' title='bbox 1452 1766 1617 1834; x_wconf 87' lang='lat' dir='ltr'>lavorata</span> <span class='ocrx_word' id='word_1_108' title='bbox 1640 1770 1677 1833; x_wconf 88' lang='lat' dir='ltr'>et</span> <span class='ocrx_word' id='word_1_109' title='bbox 1702 1767 1840 1836; x_wconf 88' lang='lat' dir='ltr'>cultata</span> <span class='ocrx_word' id='word_1_110' title='bbox 1863 1786 1955 1835; x_wconf 92' lang='lat' dir='ltr'>vona</span> <span class='ocrx_word' id='word_1_111' title='bbox 1978 1769 2014 1833; x_wconf 92' lang='lat' dir='ltr'>et</span> <span class='ocrx_word' id='word_1_112' title='bbox 2037 1771 2137 1834; x_wconf 86' lang='lat' dir='ltr'>sorta.</span> 
     </span>
     <span class='ocr_line' id='line_1_10' title="bbox 289 1920 2135 2009; baseline 0.001 -24"><span class='ocrx_word' id='word_1_113' title='bbox 289 1921 520 1988; x_wconf 86' lang='lat' dir='ltr'>remidtnmus</span> <span class='ocrx_word' id='word_1_114' title='bbox 543 1923 581 1988; x_wconf 92' lang='lat' dir='ltr'>in</span> <span class='ocrx_word' id='word_1_115' title='bbox 605 1923 766 2008; x_wconf 86' lang='lat' dir='ltr'>partibus</span> <span class='ocrx_word' id='word_1_116' title='bbox 788 1923 900 2008; x_wconf 89' lang='lat' dir='ltr'>ipsius</span> <span class='ocrx_word' id='word_1_117' title='bbox 923 1922 1083 1989; x_wconf 86' lang='lat' dir='ltr'>ecclesie.</span> <span class='ocrx_word' id='word_1_118' title='bbox 1110 1925 1146 1989; x_wconf 90' lang='lat' dir='ltr'>et</span> <span class='ocrx_word' id='word_1_119' title='bbox 1170 1941 1237 2009; x_wconf 91' lang='lat' dir='ltr'>per</span> <span class='ocrx_word' id='word_1_120' title='bbox 1260 1920 1557 1989; x_wconf 87' lang='lat' dir='ltr'>combenientiam</span> <span class='ocrx_word' id='word_1_121' title='bbox 1582 1921 1717 2006; x_wconf 90' lang='lat' dir='ltr'>guadia</span> <span class='ocrx_word' id='word_1_122' title='bbox 1744 1923 1844 1989; x_wconf 90' lang='lat' dir='ltr'>nobis</span> <span class='ocrx_word' id='word_1_123' title='bbox 1880 1921 1947 2008; x_wconf 92' lang='lat' dir='ltr'>ipsi</span> <span class='ocrx_word' id='word_1_124' title='bbox 1970 1921 2135 2007; x_wconf 84' lang='lat' dir='ltr'>germani</span> 
     </span>
     <span class='ocr_line' id='line_1_11' title="bbox 286 2073 2135 2162; baseline -0.001 -22"><span class='ocrx_word' id='word_1_125' title='bbox 286 2073 460 2140; x_wconf 89' lang='lat' dir='ltr'>dederunt</span> <span class='ocrx_word' id='word_1_126' title='bbox 482 2077 518 2140; x_wconf 87' lang='lat' dir='ltr'>et</span> <span class='ocrx_word' id='word_1_127' title='bbox 540 2073 771 2142; x_wconf 85' lang='lat' dir='ltr'>fideiuxorem</span> <span class='ocrx_word' id='word_1_128' title='bbox 796 2075 895 2142; x_wconf 91' lang='lat' dir='ltr'>nobis</span> <span class='ocrx_word' id='word_1_129' title='bbox 919 2077 1110 2162; x_wconf 89' lang='lat' dir='ltr'>posuerunt</span> <span class='ocrx_word' id='word_1_130' title='bbox 1134 2075 1339 2141; x_wconf 90' lang='lat' dir='ltr'>romualdus</span> <span class='ocrx_word' id='word_1_131' title='bbox 1363 2074 1516 2141; x_wconf 90' lang='lat' dir='ltr'>clericus</span> <span class='ocrx_word' id='word_1_132' title='bbox 1541 2073 1637 2140; x_wconf 81' lang='lat' dir='ltr'>illius</span> <span class='ocrx_word' id='word_1_133' title='bbox 1660 2074 1780 2141; x_wconf 90' lang='lat' dir='ltr'>domni</span> <span class='ocrx_word' id='word_1_134' title='bbox 1804 2074 1986 2152; x_wconf 81' lang='lat' dir='ltr'>serrandi3</span> <span class='ocrx_word' id='word_1_135' title='bbox 2012 2077 2048 2140; x_wconf 90' lang='lat' dir='ltr'>et</span> <span class='ocrx_word' id='word_1_136' title='bbox 2071 2091 2135 2160; x_wconf 87' lang='lat' dir='ltr'>per</span> 
     </span>
     <span class='ocr_line' id='line_1_12' title="bbox 286 2225 2137 2316; baseline 0.001 -24"><span class='ocrx_word' id='word_1_137' title='bbox 286 2225 363 2310; x_wconf 89' lang='lat' dir='ltr'>ipsa</span> <span class='ocrx_word' id='word_1_138' title='bbox 386 2227 520 2312; x_wconf 79' lang='lat' dir='ltr'>guadio</span> <span class='ocrx_word' id='word_1_139' title='bbox 542 2227 794 2312; x_wconf 88' lang='lat' dir='ltr'>obligaberunt</span> <span class='ocrx_word' id='word_1_140' title='bbox 816 2245 854 2294; x_wconf 90' lang='lat' dir='ltr'>se</span> <span class='ocrx_word' id='word_1_141' title='bbox 875 2229 911 2296; x_wconf 91' lang='lat' dir='ltr'>et</span> <span class='ocrx_word' id='word_1_142' title='bbox 927 2227 1070 2294; x_wconf 89' lang='lat' dir='ltr'>illorum</span> <span class='ocrx_word' id='word_1_143' title='bbox 1095 2227 1259 2294; x_wconf 88' lang='lat' dir='ltr'>eredibus</span> <span class='ocrx_word' id='word_1_144' title='bbox 1283 2233 1319 2294; x_wconf 89' lang='lat' dir='ltr'>et</span> <span class='ocrx_word' id='word_1_145' title='bbox 1342 2229 1503 2315; x_wconf 89' lang='lat' dir='ltr'>partibus</span> <span class='ocrx_word' id='word_1_146' title='bbox 1528 2229 1638 2316; x_wconf 91' lang='lat' dir='ltr'>ipsius</span> <span class='ocrx_word' id='word_1_147' title='bbox 1662 2229 1811 2295; x_wconf 88' lang='lat' dir='ltr'>ecclesie</span> <span class='ocrx_word' id='word_1_148' title='bbox 1836 2247 1946 2316; x_wconf 90' lang='lat' dir='ltr'>usque</span> <span class='ocrx_word' id='word_1_149' title='bbox 1970 2229 2048 2316; x_wconf 91' lang='lat' dir='ltr'>ipsa</span> <span class='ocrx_word' id='word_1_150' title='bbox 2065 2232 2137 2295; x_wconf 80' lang='lat' dir='ltr'>tru-</span> 
     </span>
     <span class='ocr_line' id='line_1_13' title="bbox 285 2379 2138 2468; baseline 0.001 -21"><span class='ocrx_word' id='word_1_151' title='bbox 285 2379 369 2447; x_wconf 90' lang='lat' dir='ltr'>ditio</span> <span class='ocrx_word' id='word_1_152' title='bbox 394 2400 456 2448; x_wconf 92' lang='lat' dir='ltr'>nos</span> <span class='ocrx_word' id='word_1_153' title='bbox 480 2388 516 2448; x_wconf 89' lang='lat' dir='ltr'>et</span> <span class='ocrx_word' id='word_1_154' title='bbox 540 2382 670 2449; x_wconf 89' lang='lat' dir='ltr'>nostris</span> <span class='ocrx_word' id='word_1_155' title='bbox 693 2381 858 2450; x_wconf 87' lang='lat' dir='ltr'>eredibus</span> <span class='ocrx_word' id='word_1_156' title='bbox 882 2381 919 2448; x_wconf 90' lang='lat' dir='ltr'>in</span> <span class='ocrx_word' id='word_1_157' title='bbox 943 2382 1184 2468; x_wconf 88' lang='lat' dir='ltr'>suprascripto</span> <span class='ocrx_word' id='word_1_158' title='bbox 1208 2383 1368 2449; x_wconf 91' lang='lat' dir='ltr'>ordinem</span> <span class='ocrx_word' id='word_1_159' title='bbox 1394 2386 1515 2450; x_wconf 90' lang='lat' dir='ltr'>tenere</span> <span class='ocrx_word' id='word_1_160' title='bbox 1539 2387 1576 2450; x_wconf 90' lang='lat' dir='ltr'>et</span> <span class='ocrx_word' id='word_1_161' title='bbox 1599 2384 1764 2451; x_wconf 88' lang='lat' dir='ltr'>lavoraro</span> <span class='ocrx_word' id='word_1_162' title='bbox 1787 2383 2016 2460; x_wconf 87' lang='lat' dir='ltr'>voluerimus,</span> <span class='ocrx_word' id='word_1_163' title='bbox 2035 2382 2138 2450; x_wconf 91' lang='lat' dir='ltr'>incli-</span> 
     </span>
     <span class='ocr_line' id='line_1_14' title="bbox 286 2529 2139 2622; baseline 0.003 -23"><span class='ocrx_word' id='word_1_164' title='bbox 286 2539 360 2599; x_wconf 91' lang='lat' dir='ltr'>tum</span> <span class='ocrx_word' id='word_1_165' title='bbox 386 2535 469 2600; x_wconf 91' lang='lat' dir='ltr'>illut</span> <span class='ocrx_word' id='word_1_166' title='bbox 495 2534 594 2602; x_wconf 88' lang='lat' dir='ltr'>nobis</span> <span class='ocrx_word' id='word_1_167' title='bbox 619 2534 820 2622; x_wconf 84' lang='lat' dir='ltr'>nostrisque</span> <span class='ocrx_word' id='word_1_168' title='bbox 844 2536 1009 2604; x_wconf 88' lang='lat' dir='ltr'>eredibus</span> <span class='ocrx_word' id='word_1_169' title='bbox 1033 2535 1192 2602; x_wconf 82' lang='lat' dir='ltr'>defenset</span> <span class='ocrx_word' id='word_1_170' title='bbox 1225 2555 1306 2602; x_wconf 90' lang='lat' dir='ltr'>oum</span> <span class='ocrx_word' id='word_1_171' title='bbox 1332 2536 1407 2603; x_wconf 90' lang='lat' dir='ltr'>bice</span> <span class='ocrx_word' id='word_1_172' title='bbox 1430 2537 1473 2603; x_wconf 89' lang='lat' dir='ltr'>de</span> <span class='ocrx_word' id='word_1_173' title='bbox 1500 2537 1554 2604; x_wconf 90' lang='lat' dir='ltr'>bie</span> <span class='ocrx_word' id='word_1_174' title='bbox 1577 2557 1639 2604; x_wconf 89' lang='lat' dir='ltr'>sue</span> <span class='ocrx_word' id='word_1_175' title='bbox 1674 2540 1720 2604; x_wconf 91' lang='lat' dir='ltr'>ab</span> <span class='ocrx_word' id='word_1_176' title='bbox 1738 2529 1913 2604; x_wconf 76' lang='lat' dir='ltr'>&#39;omnibus</span> <span class='ocrx_word' id='word_1_177' title='bbox 1947 2536 2139 2614; x_wconf 89' lang='lat' dir='ltr'>ominibus;</span> 
     </span>
     <span class='ocr_line' id='line_1_15' title="bbox 286 2687 2135 2782; baseline 0.003 -30"><span class='ocrx_word' id='word_1_178' title='bbox 286 2687 376 2772; x_wconf 91' lang='lat' dir='ltr'>quod</span> <span class='ocrx_word' id='word_1_179' title='bbox 401 2687 431 2754; x_wconf 90' lang='lat' dir='ltr'>si</span> <span class='ocrx_word' id='word_1_180' title='bbox 456 2690 579 2756; x_wconf 88' lang='lat' dir='ltr'>talrter</span> <span class='ocrx_word' id='word_1_181' title='bbox 602 2689 719 2755; x_wconf 88' lang='lat' dir='ltr'>omnia</span> <span class='ocrx_word' id='word_1_182' title='bbox 742 2691 989 2782; x_wconf 74' lang='lat' dir='ltr'>suprascripta</span> <span class='ocrx_word' id='word_1_183' title='bbox 1013 2690 1113 2756; x_wconf 86' lang='lat' dir='ltr'>nobis</span> <span class='ocrx_word' id='word_1_184' title='bbox 1130 2687 1332 2776; x_wconf 86' lang='lat' dir='ltr'>nostrisque</span> <span class='ocrx_word' id='word_1_185' title='bbox 1356 2689 1521 2756; x_wconf 91' lang='lat' dir='ltr'>eredibus</span> <span class='ocrx_word' id='word_1_186' title='bbox 1545 2708 1616 2756; x_wconf 93' lang='lat' dir='ltr'>non</span> <span class='ocrx_word' id='word_1_187' title='bbox 1639 2689 1928 2778; x_wconf 85' lang='lat' dir='ltr'>adimpleverint,</span> <span class='ocrx_word' id='word_1_188' title='bbox 1943 2693 1979 2757; x_wconf 89' lang='lat' dir='ltr'>et</span> <span class='ocrx_word' id='word_1_189' title='bbox 2002 2690 2135 2776; x_wconf 89' lang='lat' dir='ltr'>aliquit</span> 
     </span>
     <span class='ocr_line' id='line_1_16' title="bbox 286 2830 2136 2935; baseline 0.004 -29"><span class='ocrx_word' id='word_1_190' title='bbox 286 2841 417 2908; x_wconf 87' lang='lat' dir='ltr'>exinde</span> <span class='ocrx_word' id='word_1_191' title='bbox 442 2843 773 2935; x_wconf 54' lang='lat' dir='ltr'>contradixerint„</span> <span class='ocrx_word' id='word_1_192' title='bbox 792 2841 959 2930; x_wconf 71' lang='lat' dir='ltr'>peripsa</span> <span class='ocrx_word' id='word_1_193' title='bbox 981 2843 1115 2928; x_wconf 88' lang='lat' dir='ltr'>guadia</span> <span class='ocrx_word' id='word_1_194' title='bbox 1141 2843 1393 2928; x_wconf 84' lang='lat' dir='ltr'>obligaberunt</span> <span class='ocrx_word' id='word_1_195' title='bbox 1430 2863 1468 2911; x_wconf 90' lang='lat' dir='ltr'>se</span> <span class='ocrx_word' id='word_1_196' title='bbox 1492 2849 1529 2910; x_wconf 91' lang='lat' dir='ltr'>et</span> <span class='ocrx_word' id='word_1_197' title='bbox 1552 2844 1690 2911; x_wconf 91' lang='lat' dir='ltr'>illorum</span> <span class='ocrx_word' id='word_1_198' title='bbox 1717 2846 1882 2912; x_wconf 81' lang='lat' dir='ltr'>enodibus</span> <span class='ocrx_word' id='word_1_199' title='bbox 1913 2847 1950 2912; x_wconf 94' lang='lat' dir='ltr'>et</span> <span class='ocrx_word' id='word_1_200' title='bbox 1972 2830 2136 2932; x_wconf 83' lang='lat' dir='ltr'>partibus</span> 
     </span>
     <span class='ocr_line' id='line_1_17' title="bbox 285 2995 2145 3085; baseline 0.002 -22"><span class='ocrx_word' id='word_1_201' title='bbox 285 2997 393 3083; x_wconf 91' lang='lat' dir='ltr'>ipsius</span> <span class='ocrx_word' id='word_1_202' title='bbox 419 2999 566 3065; x_wconf 88' lang='lat' dir='ltr'>ecclesie</span> <span class='ocrx_word' id='word_1_203' title='bbox 590 3015 800 3085; x_wconf 89' lang='lat' dir='ltr'>componere</span> <span class='ocrx_word' id='word_1_204' title='bbox 825 2995 924 3066; x_wconf 87' lang='lat' dir='ltr'>nobis</span> <span class='ocrx_word' id='word_1_205' title='bbox 948 2998 1149 3085; x_wconf 88' lang='lat' dir='ltr'>nostrisque</span> <span class='ocrx_word' id='word_1_206' title='bbox 1174 2997 1339 3064; x_wconf 88' lang='lat' dir='ltr'>eredibus</span> <span class='ocrx_word' id='word_1_207' title='bbox 1364 2997 1628 3084; x_wconf 84' lang='lat' dir='ltr'>quinquaginta</span> <span class='ocrx_word' id='word_1_208' title='bbox 1665 3000 1745 3064; x_wconf 89' lang='lat' dir='ltr'>auri</span> <span class='ocrx_word' id='word_1_209' title='bbox 1785 2999 1914 3065; x_wconf 91' lang='lat' dir='ltr'>solidos</span> <span class='ocrx_word' id='word_1_210' title='bbox 1948 3000 2145 3067; x_wconf 87' lang='lat' dir='ltr'>constanti·</span> 
     </span>
     <span class='ocr_line' id='line_1_18' title="bbox 285 3151 2134 3251; baseline 0.001 -32"><span class='ocrx_word' id='word_1_211' title='bbox 285 3171 360 3219; x_wconf 93' lang='lat' dir='ltr'>nos.</span> <span class='ocrx_word' id='word_1_212' title='bbox 387 3153 443 3220; x_wconf 91' lang='lat' dir='ltr'>Sic</span> <span class='ocrx_word' id='word_1_213' title='bbox 468 3156 601 3230; x_wconf 88' lang='lat' dir='ltr'>tamen,</span> <span class='ocrx_word' id='word_1_214' title='bbox 630 3159 669 3220; x_wconf 90' lang='lat' dir='ltr'>ut</span> <span class='ocrx_word' id='word_1_215' title='bbox 693 3153 832 3239; x_wconf 89' lang='lat' dir='ltr'>quando</span> <span class='ocrx_word' id='word_1_216' title='bbox 857 3170 920 3219; x_wconf 90' lang='lat' dir='ltr'>nos</span> <span class='ocrx_word' id='word_1_217' title='bbox 945 3152 1002 3218; x_wconf 90' lang='lat' dir='ltr'>vel</span> <span class='ocrx_word' id='word_1_218' title='bbox 1025 3154 1157 3251; x_wconf 82' lang='lat' dir='ltr'>nostris</span> <span class='ocrx_word' id='word_1_219' title='bbox 1181 3151 1345 3218; x_wconf 90' lang='lat' dir='ltr'>eredibus</span> <span class='ocrx_word' id='word_1_220' title='bbox 1370 3152 1614 3225; x_wconf 88' lang='lat' dir='ltr'>voluerimus,</span> <span class='ocrx_word' id='word_1_221' title='bbox 1641 3155 1851 3238; x_wconf 90' lang='lat' dir='ltr'>potestatem</span> <span class='ocrx_word' id='word_1_222' title='bbox 1875 3155 2044 3221; x_wconf 87' lang='lat' dir='ltr'>abeamus</span> <span class='ocrx_word' id='word_1_223' title='bbox 2069 3154 2134 3221; x_wconf 90' lang='lat' dir='ltr'>ibi-</span> 
     </span>
     <span class='ocr_line' id='line_1_19' title="bbox 285 3305 2142 3398; baseline 0.004 -26"><span class='ocrx_word' id='word_1_224' title='bbox 285 3305 365 3374; x_wconf 93' lang='lat' dir='ltr'>dem</span> <span class='ocrx_word' id='word_1_225' title='bbox 384 3308 538 3375; x_wconf 86' lang='lat' dir='ltr'>reditum</span> <span class='ocrx_word' id='word_1_226' title='bbox 563 3309 682 3374; x_wconf 80' lang='lat' dir='ltr'>facere</span> <span class='ocrx_word' id='word_1_227' title='bbox 705 3309 742 3374; x_wconf 90' lang='lat' dir='ltr'>et</span> <span class='ocrx_word' id='word_1_228' title='bbox 765 3306 905 3374; x_wconf 87' lang='lat' dir='ltr'>abitare</span> <span class='ocrx_word' id='word_1_229' title='bbox 928 3317 1039 3392; x_wconf 80' lang='lat' dir='ltr'>&#39;nsque</span> <span class='ocrx_word' id='word_1_230' title='bbox 1062 3306 1158 3372; x_wconf 90' lang='lat' dir='ltr'>omni</span> <span class='ocrx_word' id='word_1_231' title='bbox 1182 3306 1474 3373; x_wconf 89' lang='lat' dir='ltr'>contrarietatem</span> <span class='ocrx_word' id='word_1_232' title='bbox 1499 3307 1610 3394; x_wconf 90' lang='lat' dir='ltr'>ipsius</span> <span class='ocrx_word' id='word_1_233' title='bbox 1633 3307 1793 3384; x_wconf 90' lang='lat' dir='ltr'>ecclesie,</span> <span class='ocrx_word' id='word_1_234' title='bbox 1811 3308 1903 3395; x_wconf 92' lang='lat' dir='ltr'>quod</span> <span class='ocrx_word' id='word_1_235' title='bbox 1926 3309 2052 3396; x_wconf 90' lang='lat' dir='ltr'>scripsi</span> <span class='ocrx_word' id='word_1_236' title='bbox 2075 3328 2142 3398; x_wconf 90' lang='lat' dir='ltr'>ego</span> 
     </span>
     <span class='ocr_line' id='line_1_20' title="bbox 286 3459 670 3528; baseline -0.003 0"><span class='ocrx_word' id='word_1_237' title='bbox 286 3459 469 3528; x_wconf 87' lang='lat' dir='ltr'>mirandus</span> <span class='ocrx_word' id='word_1_238' title='bbox 495 3463 670 3528; x_wconf 80' lang='lat' dir='ltr'>notarius</span> 
     </span>
     <span class='ocr_line' id='line_1_21' title="bbox 329 3611 663 3702; baseline 0.006 -24"><span class='ocrx_word' id='word_1_239' title='bbox 329 3611 356 3702; x_wconf 92' lang='lat'>†</span> <span class='ocrx_word' id='word_1_240' title='bbox 380 3615 453 3700; x_wconf 82' lang='lat' dir='ltr'>Ego</span> <span class='ocrx_word' id='word_1_241' title='bbox 477 3615 663 3692; x_wconf 81' lang='lat' dir='ltr'>iohannes</span> 
     </span>
     <span class='ocr_line' id='line_1_22' title="bbox 329 3734 1092 3857; baseline -0.004 -23"><span class='ocrx_word' id='word_1_242' title='bbox 329 3734 458 3857; x_wconf 35' lang='lat' dir='ltr'>†&#39;Ego‚</span> <span class='ocrx_word' id='word_1_243' title='bbox 477 3769 598 3854; x_wconf 89' lang='lat' dir='ltr'>petrus</span> <span class='ocrx_word' id='word_1_244' title='bbox 622 3767 783 3834; x_wconf 91' lang='lat' dir='ltr'>notarius</span> <span class='ocrx_word' id='word_1_245' title='bbox 806 3785 862 3834; x_wconf 92' lang='lat' dir='ltr'>me</span> <span class='ocrx_word' id='word_1_246' title='bbox 885 3765 1092 3852; x_wconf 88' lang='lat' dir='ltr'>subscripsi.</span> 
     </span>
    </p>
   </div>
   <div class='ocr_carea' id='block_1_3' title="bbox 1058 4117 1319 4208">
    <p class='ocr_par' dir='ltr' id='par_1_3' title="bbox 1058 4117 1319 4208">
     <span class='ocr_line' id='line_1_23' title="bbox 1058 4117 1319 4208; baseline 0.046 -12"><span class='ocrx_word' id='word_1_247' title='bbox 1058 4117 1319 4208; x_wconf 87' lang='lat' dir='ltr'>MCLXV</span> 
     </span>
    </p>
   </div>
   <div class='ocr_carea' id='block_1_4' title="bbox 1042 4363 1338 4442">
    <p class='ocr_par' dir='ltr' id='par_1_4' title="bbox 1042 4363 1338 4442">
     <span class='ocr_line' id='line_1_24' title="bbox 1042 4363 1338 4442; baseline -0.017 0"><span class='ocrx_word' id='word_1_248' title='bbox 1042 4367 1101 4442; x_wconf 89' lang='lat' dir='ltr'>A.</span> <span class='ocrx_word' id='word_1_249' title='bbox 1129 4366 1186 4441; x_wconf 93' lang='lat' dir='ltr'>D.</span> <span class='ocrx_word' id='word_1_250' title='bbox 1216 4363 1338 4438; x_wconf 88' lang='lat'>1052</span> 
     </span>
    </p>
   </div>
   <div class='ocr_carea' id='block_1_5' title="bbox 278 4665 2139 5684">
    <p class='ocr_par' dir='ltr' id='par_1_5' title="bbox 278 4665 2139 5684">
     <span class='ocr_line' id='line_1_25' title="bbox 326 4665 2134 4760; baseline 0.002 -25"><span class='ocrx_word' id='word_1_251' title='bbox 326 4668 353 4760; x_wconf 53' lang='grc' dir='ltr'>ψ</span> <span class='ocrx_word' id='word_1_252' title='bbox 377 4671 415 4735; x_wconf 92' lang='lat' dir='ltr'>ln</span> <span class='ocrx_word' id='word_1_253' title='bbox 439 4669 580 4736; x_wconf 89' lang='lat' dir='ltr'>nomine</span> <span class='ocrx_word' id='word_1_254' title='bbox 603 4665 735 4737; x_wconf 90' lang='lat' dir='ltr'>domini</span> <span class='ocrx_word' id='word_1_255' title='bbox 759 4669 938 4738; x_wconf 90' lang='lat' dir='ltr'>tricesimo</span> <span class='ocrx_word' id='word_1_256' title='bbox 961 4671 1089 4758; x_wconf 88' lang='lat' dir='ltr'>quarto</span> <span class='ocrx_word' id='word_1_257' title='bbox 1113 4688 1207 4738; x_wconf 86' lang='lat' dir='ltr'>anno</span> <span class='ocrx_word' id='word_1_258' title='bbox 1231 4669 1461 4758; x_wconf 88' lang='lat' dir='ltr'>principatus</span> <span class='ocrx_word' id='word_1_259' title='bbox 1484 4670 1603 4738; x_wconf 87' lang='lat' dir='ltr'>domni</span> <span class='ocrx_word' id='word_1_260' title='bbox 1626 4667 1740 4738; x_wconf 90' lang='lat' dir='ltr'>nostri</span> <span class='ocrx_word' id='word_1_261' title='bbox 1763 4668 1959 4754; x_wconf 84' lang='lat' dir='ltr'>guaimarii</span> <span class='ocrx_word' id='word_1_262' title='bbox 1982 4669 2134 4755; x_wconf 84' lang='lat' dir='ltr'>gloriosi</span> 
     </span>
     <span class='ocr_line' id='line_1_26' title="bbox 282 4822 2139 4911; baseline 0 -20"><span class='ocrx_word' id='word_1_263' title='bbox 282 4823 465 4911; x_wconf 85' lang='lat' dir='ltr'>principis,</span> <span class='ocrx_word' id='word_1_264' title='bbox 491 4828 528 4890; x_wconf 91' lang='lat' dir='ltr'>et</span> <span class='ocrx_word' id='word_1_265' title='bbox 551 4823 792 4892; x_wconf 88' lang='lat' dir='ltr'>tertiodecimo</span> <span class='ocrx_word' id='word_1_266' title='bbox 817 4843 910 4892; x_wconf 87' lang='lat' dir='ltr'>anno</span> <span class='ocrx_word' id='word_1_267' title='bbox 933 4825 1084 4892; x_wconf 89' lang='lat' dir='ltr'>ducatus</span> <span class='ocrx_word' id='word_1_268' title='bbox 1111 4825 1212 4893; x_wconf 88' lang='lat' dir='ltr'>illius</span> <span class='ocrx_word' id='word_1_269' title='bbox 1236 4826 1358 4894; x_wconf 83' lang='lat' dir='ltr'>anralil</span> <span class='ocrx_word' id='word_1_270' title='bbox 1381 4827 1417 4892; x_wconf 89' lang='lat' dir='ltr'>et</span> <span class='ocrx_word' id='word_1_271' title='bbox 1438 4824 1599 4902; x_wconf 92' lang='lat' dir='ltr'>sirrenti,</span> <span class='ocrx_word' id='word_1_272' title='bbox 1616 4826 1654 4890; x_wconf 86' lang='lat' dir='ltr'>et</span> <span class='ocrx_word' id='word_1_273' title='bbox 1676 4822 1812 4892; x_wconf 87' lang='lat' dir='ltr'>decimo</span> <span class='ocrx_word' id='word_1_274' title='bbox 1836 4842 1931 4890; x_wconf 88' lang='lat' dir='ltr'>anno</span> <span class='ocrx_word' id='word_1_275' title='bbox 1955 4823 2139 4910; x_wconf 87' lang='lat' dir='ltr'>principa·</span> 
     </span>
     <span class='ocr_line' id='line_1_27' title="bbox 281 4975 2134 5066; baseline 0 -22"><span class='ocrx_word' id='word_1_276' title='bbox 281 4981 338 5044; x_wconf 91' lang='lat' dir='ltr'>tus</span> <span class='ocrx_word' id='word_1_277' title='bbox 362 4981 398 5044; x_wconf 89' lang='lat' dir='ltr'>et</span> <span class='ocrx_word' id='word_1_278' title='bbox 422 4979 578 5063; x_wconf 91' lang='lat' dir='ltr'>ipsorum</span> <span class='ocrx_word' id='word_1_279' title='bbox 604 4977 798 5045; x_wconf 87' lang='lat' dir='ltr'>ducatuum</span> <span class='ocrx_word' id='word_1_280' title='bbox 821 4978 941 5046; x_wconf 92' lang='lat' dir='ltr'>domni</span> <span class='ocrx_word' id='word_1_281' title='bbox 964 4980 1085 5066; x_wconf 84' lang='lat' dir='ltr'>gisulfi</span> <span class='ocrx_word' id='word_1_282' title='bbox 1108 4979 1185 5046; x_wconf 89' lang='lat' dir='ltr'>eins</span> <span class='ocrx_word' id='word_1_283' title='bbox 1208 4977 1277 5045; x_wconf 86' lang='lat' dir='ltr'>filii</span> <span class='ocrx_word' id='word_1_284' title='bbox 1300 4977 1426 5044; x_wconf 88' lang='lat' dir='ltr'>eximii</span> <span class='ocrx_word' id='word_1_285' title='bbox 1448 4975 1620 5064; x_wconf 88' lang='lat' dir='ltr'>principis</span> <span class='ocrx_word' id='word_1_286' title='bbox 1643 4977 1679 5043; x_wconf 89' lang='lat' dir='ltr'>et</span> <span class='ocrx_word' id='word_1_287' title='bbox 1701 4975 1819 5052; x_wconf 89' lang='lat' dir='ltr'>ducis,</span> <span class='ocrx_word' id='word_1_288' title='bbox 1844 4994 1964 5043; x_wconf 90' lang='lat' dir='ltr'>mense</span> <span class='ocrx_word' id='word_1_289' title='bbox 1987 4978 2134 5044; x_wconf 84' lang='lat' dir='ltr'>februa-</span> 
     </span>
     <span class='ocr_line' id='line_1_28' title="bbox 282 5129 2132 5220; baseline 0.002 -24"><span class='ocrx_word' id='word_1_290' title='bbox 282 5133 370 5206; x_wconf 91' lang='lat' dir='ltr'>rius,</span> <span class='ocrx_word' id='word_1_291' title='bbox 397 5131 523 5217; x_wconf 88' lang='lat' dir='ltr'>quinta</span> <span class='ocrx_word' id='word_1_292' title='bbox 546 5129 752 5199; x_wconf 88' lang='lat' dir='ltr'>indictione.</span> <span class='ocrx_word' id='word_1_293' title='bbox 778 5133 852 5217; x_wconf 86' lang='lat' dir='ltr'>Ego</span> <span class='ocrx_word' id='word_1_294' title='bbox 876 5131 1048 5199; x_wconf 86' lang='lat' dir='ltr'>iohannes</span> <span class='ocrx_word' id='word_1_295' title='bbox 1071 5131 1288 5200; x_wconf 89' lang='lat' dir='ltr'>atrianensis</span> <span class='ocrx_word' id='word_1_296' title='bbox 1311 5131 1406 5199; x_wconf 90' lang='lat' dir='ltr'>filius</span> <span class='ocrx_word' id='word_1_297' title='bbox 1430 5131 1607 5220; x_wconf 90' lang='lat' dir='ltr'>quondam</span> <span class='ocrx_word' id='word_1_298' title='bbox 1624 5129 1741 5198; x_wconf 90' lang='lat' dir='ltr'>mauri</span> <span class='ocrx_word' id='word_1_299' title='bbox 1765 5149 1829 5216; x_wconf 83' lang='lat' dir='ltr'>per</span> <span class='ocrx_word' id='word_1_300' title='bbox 1844 5130 2132 5199; x_wconf 86' lang='lat' dir='ltr'>eonbenientiam</span> 
     </span>
     <span class='ocr_line' id='line_1_29' title="bbox 286 5285 2128 5365; baseline 0.003 -15"><span class='ocrx_word' id='word_1_301' title='bbox 286 5289 322 5353; x_wconf 90' lang='lat' dir='ltr'>et</span> <span class='ocrx_word' id='word_1_302' title='bbox 345 5287 564 5353; x_wconf 84' lang='lat' dir='ltr'>voluntatem</span> <span class='ocrx_word' id='word_1_303' title='bbox 589 5285 704 5354; x_wconf 90' lang='lat' dir='ltr'>idonei</span> <span class='ocrx_word' id='word_1_304' title='bbox 728 5287 863 5354; x_wconf 90' lang='lat' dir='ltr'>omines</span> <span class='ocrx_word' id='word_1_305' title='bbox 886 5286 931 5354; x_wconf 86' lang='lat' dir='ltr'>ad</span> <span class='ocrx_word' id='word_1_306' title='bbox 955 5287 1147 5356; x_wconf 89' lang='lat' dir='ltr'>tenendum</span> <span class='ocrx_word' id='word_1_307' title='bbox 1172 5290 1209 5355; x_wconf 87' lang='lat' dir='ltr'>et</span> <span class='ocrx_word' id='word_1_308' title='bbox 1232 5288 1466 5356; x_wconf 89' lang='lat' dir='ltr'>laborandum</span> <span class='ocrx_word' id='word_1_309' title='bbox 1492 5287 1641 5356; x_wconf 89' lang='lat' dir='ltr'>tradidit</span> <span class='ocrx_word' id='word_1_310' title='bbox 1665 5287 1805 5364; x_wconf 76' lang='lat' dir='ltr'>beten,</span> <span class='ocrx_word' id='word_1_311' title='bbox 1845 5289 1882 5355; x_wconf 91' lang='lat' dir='ltr'>et</span> <span class='ocrx_word' id='word_1_312' title='bbox 1905 5287 2128 5365; x_wconf 85' lang='lat' dir='ltr'>romualdus,</span> 
     </span>
     <span class='ocr_line' id='line_1_30' title="bbox 278 5439 2128 5529; baseline 0.002 -23"><span class='ocrx_word' id='word_1_313' title='bbox 278 5443 316 5507; x_wconf 92' lang='lat' dir='ltr'>et</span> <span class='ocrx_word' id='word_1_314' title='bbox 342 5440 514 5508; x_wconf 82' lang='lat' dir='ltr'>iohannes</span> <span class='ocrx_word' id='word_1_315' title='bbox 538 5441 600 5528; x_wconf 89' lang='lat' dir='ltr'>qui</span> <span class='ocrx_word' id='word_1_316' title='bbox 622 5443 706 5508; x_wconf 89' lang='lat' dir='ltr'>sunt</span> <span class='ocrx_word' id='word_1_317' title='bbox 728 5439 893 5526; x_wconf 86' lang='lat' dir='ltr'>germani</span> <span class='ocrx_word' id='word_1_318' title='bbox 916 5442 953 5507; x_wconf 89' lang='lat' dir='ltr'>et</span> <span class='ocrx_word' id='word_1_319' title='bbox 975 5441 1041 5508; x_wconf 86' lang='lat' dir='ltr'>filii</span> <span class='ocrx_word' id='word_1_320' title='bbox 1064 5442 1241 5529; x_wconf 92' lang='lat' dir='ltr'>quondam</span> <span class='ocrx_word' id='word_1_321' title='bbox 1267 5442 1363 5511; x_wconf 90' lang='lat' dir='ltr'>tauri</span> <span class='ocrx_word' id='word_1_322' title='bbox 1385 5443 1429 5510; x_wconf 91' lang='lat' dir='ltr'>de</span> <span class='ocrx_word' id='word_1_323' title='bbox 1453 5443 1490 5511; x_wconf 88' lang='lat' dir='ltr'>la</span> <span class='ocrx_word' id='word_1_324' title='bbox 1512 5443 1621 5528; x_wconf 88' lang='lat' dir='ltr'>longa</span> <span class='ocrx_word' id='word_1_325' title='bbox 1647 5460 1717 5509; x_wconf 89' lang='lat' dir='ltr'>una</span> <span class='ocrx_word' id='word_1_326' title='bbox 1741 5441 1842 5528; x_wconf 87' lang='lat' dir='ltr'>pecia</span> <span class='ocrx_word' id='word_1_327' title='bbox 1864 5443 2025 5511; x_wconf 87' lang='lat' dir='ltr'>deterre</span> <span class='ocrx_word' id='word_1_328' title='bbox 2048 5461 2128 5510; x_wconf 87' lang='lat' dir='ltr'>mea</span> 
     </span>
     <span class='ocr_line' id='line_1_31' title="bbox 278 5590 2137 5684; baseline 0.002 -24"><span class='ocrx_word' id='word_1_329' title='bbox 278 5612 358 5660; x_wconf 89' lang='lat' dir='ltr'>oum</span> <span class='ocrx_word' id='word_1_330' title='bbox 383 5594 559 5662; x_wconf 89' lang='lat' dir='ltr'>castaneis</span> <span class='ocrx_word' id='word_1_331' title='bbox 581 5597 618 5662; x_wconf 90' lang='lat' dir='ltr'>et</span> <span class='ocrx_word' id='word_1_332' title='bbox 640 5593 827 5663; x_wconf 87' lang='lat' dir='ltr'>arboribus</span> <span class='ocrx_word' id='word_1_333' title='bbox 850 5590 1027 5684; x_wconf 90' lang='lat' dir='ltr'>aliquanti</span> <span class='ocrx_word' id='word_1_334' title='bbox 1051 5594 1176 5673; x_wconf 89' lang='lat' dir='ltr'>bitati,</span> <span class='ocrx_word' id='word_1_335' title='bbox 1204 5597 1296 5684; x_wconf 91' lang='lat' dir='ltr'>quod</span> <span class='ocrx_word' id='word_1_336' title='bbox 1320 5600 1409 5666; x_wconf 90' lang='lat' dir='ltr'>abeo</span> <span class='ocrx_word' id='word_1_337' title='bbox 1448 5598 1486 5666; x_wconf 92' lang='lat' dir='ltr'>in</span> <span class='ocrx_word' id='word_1_338' title='bbox 1514 5599 1629 5666; x_wconf 90' lang='lat' dir='ltr'>locum</span> <span class='ocrx_word' id='word_1_339' title='bbox 1652 5595 1857 5675; x_wconf 89' lang='lat' dir='ltr'>mitiliano,</span> <span class='ocrx_word' id='word_1_340' title='bbox 1882 5597 1943 5665; x_wconf 89' lang='lat' dir='ltr'>ubi</span> <span class='ocrx_word' id='word_1_341' title='bbox 1967 5595 2137 5684; x_wconf 88' lang='lat' dir='ltr'>parabisu</span> 
     </span>
    </p>
   </div>
   <div class='ocr_carea' id='block_1_6' title="bbox 277 5743 2133 5926">
    <p class='ocr_par' dir='ltr' id='par_1_6' title="bbox 277 5743 2133 5926">
     <span class='ocr_line' id='line_1_32' title="bbox 277 5743 2133 5839; baseline 0.004 -26"><span class='ocrx_word' id='word_1_342' title='bbox 277 5743 431 5836; x_wconf 79' lang='lat' dir='ltr'>dicitur,</span> <span class='ocrx_word' id='word_1_343' title='bbox 457 5752 493 5816; x_wconf 91' lang='lat' dir='ltr'>et</span> <span class='ocrx_word' id='word_1_344' title='bbox 515 5751 569 5818; x_wconf 88' lang='lat' dir='ltr'>est</span> <span class='ocrx_word' id='word_1_345' title='bbox 591 5768 655 5837; x_wconf 89' lang='lat' dir='ltr'>per</span> <span class='ocrx_word' id='word_1_346' title='bbox 677 5769 718 5818; x_wconf 88' lang='lat' dir='ltr'>ec</span> <span class='ocrx_word' id='word_1_347' title='bbox 740 5749 820 5818; x_wconf 88' lang='lat' dir='ltr'>flnis</span> <span class='ocrx_word' id='word_1_348' title='bbox 843 5751 880 5816; x_wconf 92' lang='lat' dir='ltr'>et</span> <span class='ocrx_word' id='word_1_349' title='bbox 902 5768 1081 5818; x_wconf 87' lang='lat' dir='ltr'>mensure:</span> <span class='ocrx_word' id='word_1_350' title='bbox 1106 5750 1151 5817; x_wconf 93' lang='lat' dir='ltr'>de</span> <span class='ocrx_word' id='word_1_351' title='bbox 1176 5750 1291 5818; x_wconf 88' lang='lat' dir='ltr'>tribus</span> <span class='ocrx_word' id='word_1_352' title='bbox 1315 5751 1477 5838; x_wconf 88' lang='lat' dir='ltr'>partibus</span> <span class='ocrx_word' id='word_1_353' title='bbox 1501 5756 1555 5820; x_wconf 87' lang='lat' dir='ltr'>est</span> <span class='ocrx_word' id='word_1_354' title='bbox 1577 5751 1658 5820; x_wconf 85' lang='lat' dir='ltr'>finis</span> <span class='ocrx_word' id='word_1_355' title='bbox 1684 5751 1768 5820; x_wconf 89' lang='lat' dir='ltr'>vie:</span> <span class='ocrx_word' id='word_1_356' title='bbox 1808 5771 1832 5822; x_wconf 82' lang='lat' dir='ltr'>a</span> <span class='ocrx_word' id='word_1_357' title='bbox 1861 5754 1961 5839; x_wconf 85' lang='lat' dir='ltr'>parte</span> <span class='ocrx_word' id='word_1_358' title='bbox 1984 5752 2133 5821; x_wconf 86' lang='lat' dir='ltr'>orientis</span> 
     </span>
     <span class='ocr_line' id='line_1_33' title="bbox 417 5867 2063 5926; baseline 0.002 -3"><span class='ocrx_word' id='word_1_359' title='bbox 417 5867 489 5925; x_wconf 73' lang='lat' dir='ltr'>&#39;lora</span> <span class='ocrx_word' id='word_1_360' title='bbox 506 5881 544 5926; x_wconf 85' lang='lat' dir='ltr'>ru</span> <span class='ocrx_word' id='word_1_361' title='bbox 1623 5885 1627 5894; x_wconf 94' lang='lat'>·</span> <span class='ocrx_word' id='word_1_362' title='bbox 2028 5870 2063 5926; x_wconf 77' lang='lat'>23</span> 
     </span>
    </p>
   </div>
   <div class='ocr_carea' id='block_1_7' title="bbox 0 0 2704 7106">
    <p class='ocr_par' dir='ltr' id='par_1_7' title="bbox 0 0 2704 7106">
     <span class='ocr_line' id='line_1_34' title="bbox 0 0 2704 7106; baseline 0 1"><span class='ocrx_word' id='word_1_363' title='bbox 0 0 2704 7106; x_wconf 95' lang='lat' dir='ltr'> </span> 
     </span>
    </p>
   </div>
  </div>
 </body>
</html>
