5398 7106
632 469 701 540 aas
1263 459 1442 533 oouux
1486 439 1741 534 clvuusrs

580 665 697 730 trione
721 664 789 728 fine
812 661 976 730 domnica
995 709 1014 744 ,¹
1041 658 1326 746 quinquaginta3
1352 659 1398 724 ab
1419 654 1559 723 oriente
1582 655 1652 721 fine
1676 655 1734 723 via
1759 655 1904 742 puplica
1927 659 1964 722 et
1986 653 2227 735 coniungeute
2252 650 2289 715 in
2312 651 2424 734 priora

582 817 665 892 tlne,
692 817 786 902 passi
812 813 1107 902 quadtuordecim
1132 814 1168 879 et
1192 810 1359 888 medium,
1385 809 1477 878 iusto
1501 829 1606 898 passu
1631 815 1867 878 mensuratos.
1901 810 1998 888 Quod
2023 807 2148 893 scripsi
2175 824 2242 891 ego
2268 804 2428 874 iohannes

587 970 745 1036 clericus
769 971 805 1034 et
830 970 1006 1038 notarius.

627 1121 653 1210 †
679 1124 754 1206 Ego
778 1121 938 1206 Angelus
962 1122 1150 1206 presbiter.

1270 1449 1273 1456 ’
1366 1501 1644 1628 nrooxrv

1358 1751 1413 1822 Α.
1445 1753 1500 1824 D.
1530 1752 1652 1824 1055
1702 1723 1708 1737 '

623 2015 651 2106 †
676 2018 714 2082 ln
740 2015 882 2082 nomine
906 2016 1038 2082 domini
1063 2017 1330 2102 quartodecimo
1354 2038 1447 2085 anno
1470 2019 1695 2104 principatus
1719 2016 1837 2084 donini
1861 2017 1974 2082 nostri
1990 2016 2153 2100 Gisulplri
2178 2011 2327 2098 gloriosi
2345 2011 2436 2096 prin-

581 2169 685 2256 cipis,
714 2188 831 2235 mense
856 2169 978 2255 aprili,
1005 2171 1156 2236 hoctava
1180 2170 1386 2238 indictione.
1402 2173 1690 2238 llemoratoriurn
1709 2171 1842 2236 lactum
1859 2189 1881 2236 a
1897 2187 1952 2236 me
1978 2187 2060 2235 urso
2084 2170 2126 2234 de
2144 2167 2272 2242 naaria,
2290 2185 2332 2232 eo
2349 2167 2436 2251 quod

577 2324 847 2390 subscribendis
870 2323 1021 2390 testibus
1045 2325 1381 2408 perconvenientia
1407 2324 1555 2392 tradidit
1579 2324 1688 2391 michi
1714 2325 1758 2392 ad
1784 2325 1975 2390 tenendum
2007 2325 2043 2388 et
2067 2319 2294 2388 residendum
2322 2321 2441 2388 iohan-

555 2497 640 2576 'nes
664 2479 818 2544 clericus
841 2485 875 2546 et
900 2481 1010 2544 alubas
1034 2479 1181 2544 ecclesie
1204 2485 1326 2546 sancte
1351 2481 1477 2556 marie,
1504 2499 1572 2565 que
1596 2483 1802 2546 constructa
1825 2483 1891 2576 est
1914 2477 2013 2544 intra
2047 2479 2141 2542 hane
2176 2453 2441 2542 salernitanam

577 2631 777 2706 civitatem,
807 2631 865 2698 ubi
889 2589 983 2698 lama
1007 2631 1167 2706 dicitur,
1194 2634 1294 2728 terra
1317 2652 1397 2698 cum
1422 2652 1507 2698 casa
1530 2633 1710 2700 fabricata
1734 2635 1770 2700 ct
1793 2605 1913 2716 lignea
1948 2597 2148 2716 pertinente
2184 2631 2250 2716 ipsi
2279 2629 2441 2708 ecclesie,

577 2805 647 2870 que
671 2789 725 2852 est
749 2805 814 2872 per
837 2787 923 2852 lines
948 2790 985 2851 et
1009 2805 1208 2862 mensuras,
1235 2787 1329 2853 iusto
1351 2786 1440 2872 pedo
1465 2805 1592 2852 manus
1609 2785 1762 2866 bominis
1779 2788 2014 2852 mensuratas.
2032 2786 2070 2848 -ll
2096 2792 2199 2870 parte
2215 2784 2445 2868 septemtrio-

577 2941 634 3006 nis
661 2946 718 3007 est
741 2941 822 3007 finis
847 2944 983 3028 platea,
1009 2945 1045 3006 et
1068 2941 1174 3026 pedes
1198 2940 1362 3008 tridecim
1387 2943 1423 3007 et
1446 2941 1595 3007 medius.
1615 3027 1616 3031 Ἰ
1637 2945 1667 3006 Α
1691 2943 1792 3026 parte
1815 2939 2009 3006 occidentis
2044 2941 2126 3006 finis
2163 2939 2381 3006 tabolicium
2405 2940 2444 3007 de

575 3113 662 3162 casa
684 3095 889 3182 pertinente
915 3095 983 3181 ipsi
1007 3096 1170 3170 ecclesie,
1189 3099 1224 3163 et
1247 3095 1353 3182 pedes
1376 3097 1554 3163 tridecim:
1574 3097 1603 3160 A
1628 3100 1730 3181 parte
1756 3095 1904 3166 meridie
1927 3097 2006 3164 finis
2030 3096 2142 3182 ipsius
2157 3092 2324 3172 ecclesie,
2339 3103 2376 3162 et
2390 3113 2447 3180 pe-

577 3250 639 3318 des
665 3251 953 3338 quattuordecim
977 3257 1013 3320 et
1037 3253 1186 3320 medius.
1215 3253 1243 3318 Α
1267 3255 1370 3338 parte
1393 3253 1659 3338 septemtrionis
1684 3254 1848 3321 anditum
1873 3254 1984 3340 ipsius
2008 3255 2174 3329 ecclesie,
2193 3265 2231 3318 et
2248 3255 2360 3339 pedes
2385 3249 2446 3320 alii

578 3405 746 3472 tridecim
772 3410 809 3472 et
832 3408 980 3486 nredius3
999 3412 1035 3474 et
1051 3427 1072 3473 a
1088 3409 1305 3493 lorasipsas
1329 3409 1530 3504 mensurias
1555 3410 1592 3476 in
1616 3411 1694 3497 ipsa
1717 3413 1818 3498 parte
1842 3409 2106 3496 septemtrionis
2130 3411 2208 3495 ipsa
2233 3411 2450 3478 casamine·

578 3581 710 3628 ancum
733 3567 770 3629 et
793 3565 931 3630 scalam
970 3564 1130 3650 lig-neam
1156 3565 1290 3638 habet,
1331 3567 1367 3630 et
1389 3585 1411 3631 a
1435 3566 1522 3632 soris
1546 3566 1633 3652 ipsis
1658 3566 1850 3634 mensuriis
1881 3564 2067 3632 stillicidia
2092 3566 2202 3650 ipsius
2227 3585 2316 3634 case
2340 3568 2451 3634 tluere

472 3699 476 3706 ¹
576 3718 681 3787 debet
705 3719 866 3805 predicta
891 3723 988 3787 terra
1010 3725 1046 3786 et
1069 3739 1154 3786 casa
1177 3739 1241 3806 per
1257 3718 1484 3806 supradictas
1507 3719 1595 3785 fines
1618 3722 1654 3785 et
1680 3737 1867 3786 mensuras
1891 3738 1970 3786 cum
1988 3717 2063 3803 ipso
2078 3685 2276 3785 mineaueo
2293 3723 2334 3786 et
2350 3719 2452 3787 scala

558 3841 609 3940 'et
632 3873 828 3942 stillicidiis
850 3878 925 3941 suis
950 3875 1036 3941 soris
1059 3874 1147 3961 ipsis
1172 3873 1360 3941 mensuriis
1384 3869 1638 3964 occidentibus,
1657 3877 1699 3962 et
1723 3872 1881 3958 qualiter
1915 3835 2079 3940 conciata
2114 3877 2151 3938 et
2177 3873 2356 3941 edificata
2380 3878 2448 3947 est,

577 4027 651 4114 ipse
676 4032 785 4096 abbas
811 4033 881 4096 uua
905 4048 985 4095 cum
1011 4019 1198 4094 vuluntate
1222 4027 1393 4094 heredum
1417 3992 1587 4094 iohannis
1611 4027 1844 4104 comitis,filii
1870 4029 2050 4094 mansonis
2075 4029 2245 4105 castaldi,
2268 4033 2309 4096 et
2333 4019 2454 4096 domui

574 4181 741 4267 guidonis
765 4181 985 4250 serenissimi
1009 4183 1122 4258 ducis
1138 4181 1266 4270 quibus
1290 4182 1368 4268 ipsa
1391 4181 1545 4249 ecclesia
1568 4181 1738 4270 pertinet,
1756 4182 1864 4249 michi
1881 4182 2043 4250 tradidit:
2062 4183 2136 4250 Tali
2155 4183 2328 4262 hordine,
2355 4189 2395 4252 ut
2411 4188 2455 4252 ab

575 4335 655 4402 istis
678 4335 979 4422 kalendismagii
1005 4335 1133 4403 mensis
1158 4337 1196 4402 in
1219 4342 1326 4403 antea
1351 4355 1461 4422 usque
1486 4337 1614 4422 viginti
1640 4336 1726 4403 anni
1750 4338 1931 4422 completi,
1973 4338 2135 4423 predicta
2170 4340 2355 4408 tradictio
2389 4357 2456 4425 ego

574 4497 610 4556 et
635 4490 704 4556 mei
730 4488 889 4566 heredes,
905 4507 991 4574 quos
1015 4488 1065 4556 ibi
1089 4488 1134 4556 acl
1161 4488 1386 4555 res'dendum
1412 4489 1626 4566 miserimus,
1643 4495 1766 4558 nostra
1785 4495 1957 4576 potestate
1981 4493 2176 4570 teneamus,
2193 4499 2233 4560 et
2252 4495 2295 4562 in
2314 4499 2387 4562 hea
2404 4513 2458 4562 re·
2546 4585 2550 4596 Δ

574 4641 755 4708 sideamus
770 4645 806 4706 et
822 4640 1011 4718 evitemus,
1030 4647 1066 4710 et
1081 4661 1203 4708 omnes
1219 4645 1357 4710 nostras
1382 4644 1548 4710 utilitatis
1565 4645 1669 4712 iuxta
1686 4645 1825 4712 ratione
1848 4646 1898 4713 ibi
1915 4647 2103 4723 iaciamus,
2121 4651 2158 4714 et
2170 4649 2391 4718 trudiamus
2409 4650 2453 4718 ad

579 4801 806 4898 residendum
831 4799 934 4866 illam
958 4798 1093 4870 demus,
1113 4802 1149 4866 et
1174 4801 1249 4886 ipsa
1273 4819 1357 4902 casa
1380 4821 1444 4894 per
1470 4821 1605 4869 annum
1630 4803 1772 4890 quando
1796 4803 1969 4870 meruerit
1993 4805 2258 4891 cooperiamus,
2279 4811 2322 4874 et
2349 4805 2459 4894 ipsud

577 4952 804 5045 mineaneum
821 4951 1034 5028 conciemus,
1054 4951 1212 5038 qualiter
1229 4953 1459 5031 uoluermus,
1478 4957 1514 5022 et
1531 4956 1775 5050 quodcumque
1791 4977 1935 5040 censum
1955 4979 2064 5046 usque
2079 4961 2193 5046 ipsum
2209 4965 2460 5031 constitutum

576 5127 626 5173 ex
652 5107 720 5172 hea
744 5105 873 5172 tollere
897 5114 932 5174 et
957 5108 1089 5174 babere
1113 5112 1361 5192 potuerimus,
1403 5113 1516 5176 totum
1541 5113 1641 5180 nobis
1665 5115 1873 5183 habeamus.
1911 5118 2061 5184 Tantum
2085 5117 2182 5184 omui
2208 5139 2317 5188 anno
2350 5140 2463 5208 usque

575 5259 669 5344 ipsos
693 5258 825 5344 uiginti
851 5279 974 5326 novem
999 5261 1105 5330 annis
1129 5264 1296 5348 completi
1319 5263 1358 5330 in
1383 5264 1549 5332 kalendis
1574 5267 1686 5352 magii
1711 5270 1840 5336 mensis
1876 5289 1954 5355 egam¹
1981 5275 2018 5337 et
2042 5271 2110 5338 mei
2147 5273 2309 5344 heredes
2335 5277 2463 5344 demus

575 5413 642 5499 ipsi
666 5415 813 5490 abbati,
839 5417 895 5481 vol
921 5415 1083 5501 partibus
1109 5389 1465 5502 predicte'ecclesie‚
1491 5420 1578 5488 duos
1601 5423 1682 5490 auri
1707 5428 1850 5492 tarenos
1876 5427 1993 5494 bonos.
2029 5429 2224 5515 completis
2251 5452 2346 5500 vero
2365 5433 2464 5518 ipsis

576 5567 708 5654 viginti
733 5587 858 5636 novem
882 5571 1000 5678 annis,
1027 5571 1136 5638 liceat
1160 5591 1215 5639 mo
1238 5575 1275 5639 et
1298 5592 1393 5642 meos
1417 5575 1591 5657 heredes,
1633 5585 1669 5646 et
1693 5580 1854 5648 homines
1877 5582 2005 5667 quibus
2028 5583 2117 5650 illud
2142 5583 2187 5650 ad
2216 5585 2464 5656 residendum

574 5722 803 5824 dederimus,
842 5725 924 5792 inde
948 5725 1051 5793 exire
1076 5747 1154 5830 cum
1180 5728 1344 5796 omnibus
1368 5729 1499 5798 nostris
1523 5733 1641 5800 causis
1665 5734 1854 5804 movilibus
1875 5781 1882 5812 ,
1915 5740 1952 5802 et
1974 5735 2155 5822 integram
2178 5739 2312 5822 ipsam
2341 5761 2465 5812 casam
