5398 7106
970 476 1421 554 611166111666
2009 454 2079 558 275

261 677 367 744 alter
388 689 496 762 paras
523 672 682 740 6166616
713 672 807 782 colet
830 687 996 746 uxorem,
1021 673 1058 737 61
1080 671 1210 740 1616616
1234 673 1268 740 61
1292 691 1365 741 666
1387 673 1511 753 iaciat,
1536 691 1654 772 neque
1679 676 1754 744 alia
1779 675 1912 745 1616166
1935 677 2128 757 adulteros

272 829 303 897 si
325 829 445 896 autem
477 845 543 914 ego
567 827 629 912 qui
652 845 764 914 supra
786 825 1004 913 angelomi
1029 846 1123 895 meos
1147 827 1311 904 heredes,
1330 845 1393 893 seu
1417 825 1475 894 cui
1499 829 1566 896 1166
1588 827 1736 916 66116116
1760 828 1798 896 16
1821 850 1929 899 16666
1954 831 2131 918 66166111,

261 982 365 1070 eique
401 980 574 1068 gustabili
596 983 733 1050 crimen
755 979 960 1048 miserimus
985 1027 994 1058 ,
1027 980 1120 1066 quod
1144 979 1306 1067 predicte
1329 981 1446 1049 marie
1468 981 1584 1050 sorori
1607 1001 1685 1050 mee
1711 982 1817 1050 uxori
1840 1001 1903 1051 sue
1926 983 2059 1054 iniuste
2083 987 2136 1054 ie·

263 1138 380 1214 cisset,
417 1137 481 1203 aut
502 1153 583 1202 cum
607 1135 682 1203 6116
704 1135 837 1204 semina
860 1135 1084 1204 adulterium
1107 1135 1369 1214 commisisset,
1406 1139 1594 1224 postquam
1617 1137 1680 1205 ille
1704 1155 1785 1206 eam
1812 1137 1881 1206 sibi
1907 1156 2054 1206 uxorem
2078 1156 2132 1206 so-

266 1287 389 1364 ciabit,
414 1291 451 1355 et
473 1288 536 1354 ille
560 1307 631 1355 non
654 1286 764 1355 fuerit
787 1289 889 1356 nobis
913 1285 1044 1355 exinde
1066 1287 1190 1356 iurare
1213 1289 1310 1356 solus
1333 1289 1379 1357 ad
1403 1289 1606 1375 evangelia,
1633 1288 1726 1375 quod
1753 1287 1915 1376 predicte
1939 1287 2054 1356 marie
2079 1305 2133 1356 so-

264 1443 337 1510 rori
361 1461 437 1508 mee
461 1442 566 1510 uxori
590 1460 652 1510 sue
676 1441 810 1510 iniuste
832 1461 903 1510 non
929 1440 1159 1520 1'uisset,aut
1181 1461 1260 1509 cum
1285 1439 1762 1511 611616616661611611661
1787 1460 1858 1510 non
1881 1441 2130 1512 commisisset

264 1599 449 1684 postquam
473 1595 535 1665 1116
557 1615 637 1664 6616
660 1596 727 1664 6111
751 1615 901 1664 uxorem
927 1596 1091 1674 sociabit,
1118 1599 1202 1664 tunc
1226 1615 1290 1682 661
1314 1613 1451 1664 omnem
1475 1595 1589 1663 vicem
1614 1597 1757 1684 quando
1782 1595 1846 1663 ille
1869 1597 1968 1664 nobis
1992 1597 2051 1664 vel
2074 1597 2127 1664 eis

264 1751 350 1818 talia
373 1770 444 1818 non
467 1748 578 1817 166111
600 1749 730 1818 exinde
754 1767 863 1818 ausus
887 1750 1010 1818 iurare
1033 1750 1129 1816 solus
1153 1751 1198 1819 ad
1222 1749 1483 1838 exsugebant
1506 1749 1642 1818 dictum
1667 1753 1733 1827 est,
1748 1750 1928 1836 obligavit
1952 1753 2053 1818 nobis
2070 1749 2128 1817 vel

263 1905 314 1972 eis
337 1924 547 1992 componere
570 1923 678 1972 aoros
700 1903 833 1972 solidos
856 1904 1016 1992 quinque
1041 1905 1183 1992 viginta
1209 1907 1246 1973 et
1269 1906 1412 1992 quando
1437 1881 1538 1973 nobis
1561 1903 1693 1973 exinde
1710 1903 1901 1982 iuraberit,
1921 1907 1961 1970 ut
1987 1903 2128 1972 dictum

263 2060 330 2136 est,
354 2058 433 2145 ipsa
456 2057 534 2125 vice
557 2057 640 2125 inde
663 2077 685 2126 a
710 2077 773 2126 nos
799 2057 955 2146 amplius
978 2058 1159 2126 calumnie
1182 2057 1319 2126 solutus
1344 2059 1569 2134 maneat‚et
1591 2057 1623 2126 61
1646 2055 1778 2125 exinde
1801 2055 2006 2142 pigneratio
2033 2058 2131 2124 facta

265 2209 395 2288 fuerit,
420 2211 523 2278 stetis
545 2209 643 2278 inter
665 2211 768 2280 nobis
793 2213 833 2279 ut
856 2230 921 2298 per
944 2213 1214 2280 sacramentum
1238 2211 1356 2298 ipsum
1380 2211 1517 2278 iactum
1541 2210 1578 2276 61
1601 2207 1813 2296 compositio
1836 2208 1962 2278 datum
2003 2210 2130 2290 suerit,

265 2363 415 2451 pignera
436 2362 515 2450 ipsa
536 2363 683 2449 integra
706 2364 914 2441 retdantnr,
941 2367 982 2432 ut
1004 2366 1083 2432 sine
1106 2363 1360 2450 compositione
1382 2379 1420 2432 66
1444 2361 1698 2448 recolligatur3
1725 2362 1767 2430 de
1792 2363 1934 2450 quibus,
1953 2363 1985 2432 si
2011 2382 2133 2432 66666-

265 2535 342 2584 sum
365 2515 499 2594 fuerit,
536 2517 582 2586 ad
605 2516 870 2603 pignerandum
897 2513 1073 2604 obligabit
1097 2513 1196 2585 nobis
1219 2516 1466 2604 suprascripto
1490 2516 1662 2584 iohannes
1684 2515 1894 2586 fideiussore
1925 2535 1963 2584 se
1989 2520 2026 2584 et
2048 2536 2132 2586 suos

266 2669 413 2737 heredes
436 2669 546 2737 michi
562 2673 599 2737 61
615 2670 661 2737 61
676 2669 766 2737 16616
781 2669 989 2746 heredibus,
1015 2687 1077 2737 666
1093 2671 1153 2738 661
1177 2667 1327 2756 66116116
1351 2668 1423 2737 1616
1437 2667 1475 2736 16
1491 2687 1600 2738 manu
1618 2669 1783 2757 paruerit
1797 2689 1863 2758 pro
1879 2670 2019 2738 nomine
2036 2670 2130 2749 bobi,
2156 2715 2160 2722 -

269 2823 305 2887 et
329 2823 447 2900 bacco,
471 2824 508 2889 61
530 2821 701 2901 iumento,
727 2825 764 2888 et
787 2821 934 2902 caballi,
951 2825 988 2890 et
1003 2823 1103 2910 porci
1128 2824 1184 2888 sui
1209 2823 1246 2888 et
1269 2820 1314 2888 de
1331 2820 1416 2890 61116
1433 2824 1539 2890 rebus
1562 2821 1637 2889 suis
1662 2839 1774 2909 usque
1790 2821 1837 2890 ad
1853 2821 1986 2908 legem.
2003 2821 2132 2909 scripsi

268 2991 334 3060 ego
357 2977 478 3060 petrus
501 2975 665 3043 notarius
690 2977 726 3042 et
748 2974 913 3044 16161161.

311 3127 340 3219 †
362 3132 437 3218 Ego
459 3130 522 3216 qui
543 3099 655 3216 66616
680 3129 855 3214 Aydulius
880 3128 1002 3197 iudex.

1064 3511 1323 3608 MCGXX

1042 3767 1101 3843 A.
1129 3765 1187 3840 D.
1216 3761 1341 3839 1056

310 4027 338 4119 †
361 4031 401 4098 16
424 4032 564 4100 nomine
587 4031 720 4099 domini
743 4031 1011 4120 quartodecimo
1036 4047 1131 4099 anno
1155 4027 1388 4117 principatus
1426 4025 1547 4094 domni
1572 4021 1689 4093 nostri
1723 4023 1843 4110 gisolfi
1865 4019 2009 4110 gloriosi
2033 4023 2132 4111 prin·

267 4185 367 4273 cipis,
393 4203 513 4253 mense
536 4183 738 4261 ianuarius,
765 4204 860 4252 nona
884 4183 1096 4252 indictione.
1122 4186 1199 4270 Ego
1221 4181 1372 4251 alferius
1386 4179 1560 4248 diaconus
1583 4175 1868 4264 archipresbiter
1883 4179 1920 4244 et
1942 4179 2053 4245 abbas
2070 4196 2126 4246 ec·

267 4343 375 4410 616616
396 4341 514 4411 666611
538 4340 717 4419 maximi,
754 4341 817 4428 qui
840 4360 919 4409 sum
943 4360 1055 4409 unum
1078 4339 1122 4407 de
1145 4337 1295 4406 dominii
1319 4335 1432 4424 ipsius
1456 4334 1633 4410 66616616,
1663 4351 1728 4420 661
1751 4331 2019 4400 combenientia
2042 4335 2128 4400 ante
2233 4403 2237 4412 ,

267 4497 458 4585 subscripti
483 4500 603 4574 testes,
621 4497 667 4565 ad
691 4496 898 4574 tenendum,
917 4499 954 4562 et
976 4494 1188 4580 regendum,
1206 4497 1242 4560 61
1264 4489 1540 4580 gubernandum
1563 4487 1700 4556 tradidi
1724 4486 1820 4573 petri
1843 4486 2036 4574 presbiteri
2059 4487 2128 4556 filii

268 4641 445 4744 quondam
468 4653 614 4724 iohanni
638 4652 811 4721 abitatori
834 4653 879 4744 de
905 4603 986 4719 loco
1009 4651 1131 4737 611616
1156 4649 1339 4733 integram
1371 4644 1560 4714 ecclesiam
1595 4641 1810 4711 bocabulum
1837 4641 1955 4709 sancti
1990 4641 2128 4709 nicolai

267 4811 468 4900 pertinente
490 4811 603 4897 ipsius
626 4808 774 4878 66616616
797 4807 916 4876 666611
940 4804 1119 4883 maximi,
1153 4822 1223 4890 que
1246 4802 1457 4870 constructa
1479 4799 1535 4864 est
1557 4798 1596 4866 16
1618 4795 1865 4882 suprascripto
1889 4799 1968 4865 loco
1993 4799 2127 4884 priato,

267 4983 330 5036 seu
345 4969 382 5034 61
397 4963 548 5033 tradidit
571 4963 782 5034 6161666661
805 4960 1009 5048 pertinente
1032 4957 1149 5026 eidem
1165 4955 1315 5024 ecclesie
1331 4949 1613 5022 6666116166161.
1633 4968 1703 5036 que
1719 4951 1776 5016 est
1791 4952 1898 5017 rebus
1921 4949 2001 5035 1666
2019 4967 2129 5018 66616

198 5159 200 5162 -
267 5121 383 5190 ortale
405 5121 635 5189 coniunctum
658 5137 740 5186 oum
764 5070 844 5204 ipsa
868 5113 1023 5183 ecclesia
1046 5114 1084 5179 61
1108 5129 1182 5178 una
1205 5109 1310 5198 66616
1332 5108 1376 5175 16
1400 5109 1502 5175 16116
1525 5125 1607 5174 cum
1631 5107 1817 5173 arbustum
1833 5102 2035 5190 propinquo
2051 5102 2129 5190 ipsa

268 5276 431 5354 ecclesia,
449 5276 541 5364 quod
557 5295 580 5344 6
596 5294 675 5345 1666
697 5277 801 5363 parte
816 5271 863 5342 ad
887 5268 1128 5340 laborandum
1155 5265 1310 5334 retinuit
1332 5265 1479 5332 alfanus
1502 5261 1598 5329 fliius
1622 5260 1782 5338 iohanni,
1801 5261 1838 5326 et
1853 5261 1908 5327 est
1923 5260 2002 5346 ipsa
2018 5276 2131 5326 causa

270 5433 416 5502 mobilia
438 5451 501 5520 per
523 5431 760 5508 nominatiba,
787 5425 1012 5497 antilanaria
1034 5423 1107 5492 dua
1130 5419 1313 5510 61666116,
1341 5439 1450 5488 unum
1476 5417 1519 5485 de
1543 5416 1623 5493 die,
1648 5416 1807 5484 alterum
1831 5415 1876 5482 de
1899 5415 2028 5491 nocte3
2054 5429 2129 5480 ma·

270 5589 377 5658 66616
399 5587 486 5656 6661
508 5585 684 5654 circulum
708 5586 896 5671 gestorum
921 5579 1083 5658 minore,
1110 5575 1205 5667 quod
1229 5577 1283 5644 661
1306 5571 1541 5663 6166161111616
1563 5569 1678 5648 orale,
1703 5571 1741 5637 61
1762 5567 1923 5654 plancta,
1948 5563 2131 5634 61616611-

269 5747 378 5824 61661,
403 5742 567 5812 sindones
589 5740 670 5819 due,
695 5738 835 5809 cortina
859 5755 944 5814 una,
969 5733 1122 5803 tiribuln
1146 5747 1287 5799 ereum.
1307 5731 1355 5796 116
1380 5727 1500 5795 autem
1516 5723 1768 5811 suprascripta
1783 5720 1937 5790 66616616
1952 5739 2033 5787 6661
2048 5717 2129 5804 1666
