5452 7108
605 533 648 604 18
1254 523 1428 597 CODEX
1460 523 1724 600 cnvuusts

553 727 666 804 ducis,
679 729 717 793 et
731 727 859 812 quarto
871 742 966 792 anno
983 723 1133 790 ducatus
1149 722 1292 789 illorum
1305 720 1425 806 apulie
1440 722 1476 786 et
1488 719 1664 798 kalabrie,
1679 736 1799 788 mense
1814 722 2017 798 nobember,
2031 717 2298 806 quintadecima
2314 720 2406 789 indi-

551 881 681 949 ctione.
699 877 989 948 Memoratorium
1004 881 1139 946 lactum
1163 896 1185 944 a
1201 895 1257 944 me
1279 878 1404 963 petrus
1427 874 1523 942 filius
1539 874 1719 962 quondam
1734 874 1840 962 petri,
1858 892 1900 940 eo
1915 873 2008 960 quod
2023 875 2108 940 ante
2123 873 2305 959 presentia
2320 874 2411 942 Ade-

553 1033 646 1103 mari
669 1033 792 1112 iudici,
817 1035 854 1102 et
876 1035 960 1100 ante
984 1031 1049 1099 alii
1074 1033 1195 1107 testes,
1210 1047 1274 1117 per
1296 1028 1560 1098 combenientia
1582 1029 1752 1114 guadiam
1776 1029 1865 1096 milri
1879 1027 1978 1096 dedit
1992 1027 2170 1116 polcarius
2192 1029 2287 1095 tilius
2301 1049 2411 1116 quon-

553 1187 636 1255 dam
659 1187 753 1276 petri
775 1185 952 1264 sardone,
977 1187 1015 1253 et
1042 1185 1239 1253 fideiuxore
1262 1183 1371 1250 michi
1394 1182 1513 1271 posuit
1535 1183 1719 1251 maraldus
1741 1182 1837 1250 filius
1859 1183 2038 1270 quondam
2061 1181 2234 1250 romoaldi
2257 1183 2413 1251 abitator

550 1343 594 1410 de
618 1343 733 1410 locum
758 1341 1030 1418 barbacianum
1056 1341 1094 1408 et
1115 1357 1181 1427 per
1203 1339 1282 1426 ipsa
1304 1339 1439 1424 guadia
1461 1337 1635 1424 obligavit
1656 1355 1706 1414 se,
1740 1341 1781 1403 ut
1802 1338 1929 1405 tollere
1951 1338 2018 1406 sibi
2041 1335 2240 1424 legitimam
2264 1355 2411 1406 uxorem

555 1496 734 1566 abendum
757 1495 941 1564 auricerta
963 1511 1086 1561 sorore
1109 1509 1201 1568 mea,
1218 1493 1256 1558 et
1279 1492 1339 1560 ubi
1361 1492 1446 1558 illut
1468 1493 1546 1579 ipsa
1568 1509 1689 1560 sorore
1703 1511 1784 1559 mea
1801 1495 1896 1578 Aput
1917 1511 1955 1560 se
1970 1480 2112 1560 abuerit
2126 1511 2286 1570 uxorem,
2302 1493 2411 1562 deant

539 1655 588 1734 ¹et
610 1647 759 1716 tradant
780 1647 814 1714 ei
837 1648 978 1714 firmum
1003 1645 1226 1732 morgincap,
1244 1646 1337 1732 quod
1361 1649 1416 1712 e'st
1438 1649 1570 1733 quarta
1593 1649 1696 1733 parta
1712 1649 1759 1714 he
1775 1666 1848 1714 xua
1862 1646 2075 1724 substantia,
2094 1646 2187 1714 sicut
2202 1648 2263 1713 lex
2278 1649 2315 1713 et
2329 1667 2411 1715 con·

550 1803 699 1906 suetudo
723 1805 778 1869 est
791 1801 903 1870 omini
918 1801 1143 1888 longobardi,
1161 1799 1317 1868 dandum
1331 1819 1395 1868 sue
1412 1802 1595 1878 uxoribus,
1612 1802 1705 1889 quod
1719 1801 1750 1868 si
1766 1802 1844 1888 ipsa
1857 1819 1978 1869 sorore
2001 1819 2081 1868 mea
2100 1801 2183 1868 illut
2197 1801 2265 1869 sibi
2280 1800 2410 1869 exinde

552 1957 682 2024 tollere
705 1955 874 2036 noluerit,
901 1959 938 2022 et
961 1957 1076 2043 ipsum
1099 1957 1309 2042 morgincap
1332 1957 1366 2022 ei
1389 1973 1461 2025 non
1484 1955 1635 2032 dederit,
1664 1975 1729 2041 per
1750 1955 1829 2042 ipsa
1850 1955 1984 2043 guadia
2006 1973 2215 2042 componere
2237 1953 2412 2040 obligavit

550 2131 590 2178 se
613 2110 724 2179 michi
747 2111 888 2199 meique
911 2111 1076 2179 eredibus
1099 2111 1253 2198 triginta
1276 2111 1358 2178 auri
1381 2110 1510 2178 solidos
1533 2111 1867 2186 constantinianos,
1899 2113 1937 2178 et
1958 2129 2023 2198 per
2045 2109 2169 2178 inbitis
2191 2110 2269 2196 ipsa
2290 2128 2410 2178 sorore

556 2283 635 2334 mea
659 2265 743 2333 illut
764 2264 831 2334 sibi
856 2285 1004 2334 uxorem
1028 2265 1154 2332 tollere
1178 2265 1240 2330 het
1263 2267 1383 2340 abere,
1409 2267 1447 2329 et
1468 2265 1584 2350 ipsum
1608 2265 1817 2350 morgincap
1839 2264 1873 2330 ei
1896 2264 1984 2332 dare
2018 2263 2056 2331 in
2078 2261 2285 2330 iamdictum
2317 2262 2412 2330 ordi·

556 2438 648 2506 nem,
672 2418 889 2522 etquietam
915 2422 952 2486 et
976 2419 1125 2506 pacifica
1149 2419 1224 2486 bita
1246 2437 1328 2484 cum
1351 2437 1429 2484 eam
1455 2421 1543 2484 bene
1567 2417 1689 2484 bibere
1711 2418 1774 2484 het
1796 2418 1913 2484 colere
1935 2417 2004 2484 sibi
2028 2436 2198 2493 uxorem,
2228 2420 2265 2483 et
2288 2418 2410 2503 quieta

553 2573 594 2638 et
616 2571 765 2659 pacifica
789 2569 864 2639 bita
887 2590 968 2638 cum
994 2589 1038 2638 ea
1061 2573 1150 2637 bene
1174 2569 1315 2646 bibere,
1340 2573 1378 2636 et
1400 2568 1541 2636 iniuxte
1564 2571 1623 2638 hei
1647 2588 1717 2638 non
1740 2571 1886 2658 lacere,
1910 2573 1948 2636 et
1969 2569 2001 2638 si
2024 2569 2162 2637 iniuxte
2185 2570 2406 2664 heilecerit,

553 2725 677 2794 hunde
700 2729 831 2815 quante
855 2725 951 2794 bices
975 2725 1038 2793 ille
1062 2743 1085 2792 a
1108 2745 1164 2792 me
1189 2725 1245 2792 vel
1268 2744 1291 2792 a
1314 2724 1402 2792 meis
1425 2726 1590 2794 eredibus
1613 2721 1723 2792 suerit
1745 2727 1928 2812 pulsatus,
1968 2727 2005 2792 et
2028 2725 2088 2792 ubi
2112 2743 2175 2792 nos
2197 2725 2230 2791 ei
2253 2743 2406 2810 evange-

553 2881 604 2948 lia
628 2883 795 2967 paratam
819 2881 1038 2966 abuerimus,
1056 2883 1093 2948 et
1115 2881 1179 2948 ille
1201 2881 1302 2948 nobis
1325 2900 1396 2948 non
1418 2879 1529 2947 suerit
1551 2879 1681 2948 exinde
1705 2897 1812 2946 ausus
1836 2879 1958 2946 iurare
1980 2879 2173 2947 secundum
2197 2879 2314 2964 legem
2329 2897 2409 2945 cum

556 3033 741 3102 duodecim
765 3053 885 3102 secum
909 3035 984 3102 suis
1007 3035 1242 3122 parentibus,
1279 3054 1344 3121 per
1366 3034 1480 3101 omnis
1503 3053 1657 3121 namque
1681 3033 1776 3100 bices
1799 3049 2008 3120 componere
2040 3029 2213 3119 obligavit
2245 3051 2283 3098 se
2307 3028 2404 3100 nobis

556 3187 685 3274 bigiuti
709 3189 790 3256 auri
813 3188 955 3266 solidos,
982 3191 1019 3255 et
1042 3189 1080 3258 in
1103 3191 1211 3256 antea
1234 3191 1323 3256 bene
1346 3189 1451 3256 heam
1475 3191 1595 3266 abere,
1613 3189 1706 3256 sicut
1729 3188 1871 3256 iuxtum
1891 3179 2016 3258 ¹fuerit:
2040 3189 2119 3276 post
2141 3189 2247 3255 finem
2271 3188 2401 3255 factam

551 3348 589 3410 et
612 3345 841 3411 sacramenta
863 3343 950 3410 data
972 3343 1152 3430 pingnera
1174 3345 1297 3410 nostra
1320 3362 1389 3431 que
1412 3344 1543 3412 exinde
1566 3343 1783 3430 pingnerata
1805 3342 1927 3433 fuerit,
1952 3339 2153 3411 natinaei
2177 3341 2310 3408 retdita
2333 3344 2411 3408 abs-

554 3517 622 3586 que
647 3495 797 3564 iustitia.
823 3497 920 3563 Etsi
962 3496 1020 3564 dei
1043 3495 1175 3564 iudicio
1199 3493 1360 3564 ebeuerit
1381 3501 1419 3564 et
1441 3497 1520 3584 ipsa
1542 3517 1687 3577 sorore,
1713 3500 1907 3586 antequam
1930 3495 2030 3566 illum
2054 3498 2201 3565 desunta
2223 3494 2351 3572 fuerit,
2376 3499 2412 3562 et

554 3647 662 3718 lilium
687 3651 744 3717 vel
766 3651 879 3720 liliam
902 3671 972 3718 non
997 3645 1195 3738 reliquerit,
1219 3649 1392 3736 obligavit
1414 3669 1465 3728 se,
1492 3655 1532 3718 ut
1554 3651 1671 3719 omnis
1694 3671 1759 3719 rex
1783 3655 1820 3719 et
1842 3671 1951 3720 causa
1973 3651 2210 3739 pertinentem
2225 3649 2336 3737 ipsius
2358 3668 2412 3716 so-

555 3804 628 3872 rori
653 3825 742 3882 mee,
761 3803 889 3874 mobile
914 3809 977 3874 het
999 3801 1138 3894 stabile,
1163 3805 1255 3893 quod
1280 3805 1353 3872 illis
1375 3801 1498 3874 diebus
1522 3806 1675 3884 abuerit,
1693 3809 1730 3874 et
1753 3809 1926 3894 quantum
1949 3825 2014 3893 per
2035 3825 2079 3874 ca
2101 3804 2277 3874 beracitcr
2291 3803 2411 3871 datum

554 3961 612 4025 uut
636 3959 830 4030 iudicatum
854 3983 925 4030 uon
948 3963 1070 4045 suerit,
1089 3962 1254 4030 inclitum
1277 3961 1356 4028 illut
1378 3961 1478 4030 nobis
1500 3961 1610 4030 deaut
1631 3941 1696 4048 per
1718 3963 1888 4031 iamdicta
1910 3961 2044 4049 guadia
2066 3963 2101 4028 et
2123 3981 2216 4048 pena
2237 3961 2409 4052 obligata.

559 4114 652 4200 quod
675 4115 802 4202 scripsi
826 4134 892 4200 ego
917 4119 1041 4203 petrus
1064 4115 1342 4202 protonotarius.

601 4265 629 4356 †
654 4269 728 4354 Ego
751 4267 813 4355 qui
836 4287 946 4354 supra
970 4267 1103 4335 aderisi
1127 4267 1248 4336 iudex.

605 4419 633 4510 †
658 4421 729 4508 Ego
753 4423 965 4490 romoaldus.

603 4577 649 4642 ln
664 4577 789 4644 eadem
804 4579 938 4644 charta
953 4578 1101 4662 legitur:

602 4729 629 4819 †
655 4732 693 4797 ln
718 4731 858 4798 nomine
882 4731 1015 4798 domini
1041 4731 1209 4800 vicesimo
1233 4751 1324 4800 nono
1347 4751 1437 4798 anno
1461 4731 1685 4820 principatus
1707 4733 1842 4802 salerni
1865 4731 1984 4800 domni
2008 4733 2118 4802 nostri
2140 4733 2352 4819 guaimarii,
2378 4737 2412 4798 et

565 4905 655 4952 nono
679 4904 771 4952 anno
795 4885 1016 4972 principatus
1041 4885 1118 4952 eius
1142 4903 1281 4974 capue,
1314 4890 1351 4954 et
1373 4889 1497 4956 octabu
1521 4905 1614 4955 anno
1644 4887 1794 4954 ducatus
1815 4885 1893 4954 eius
1915 4887 2036 4955 amalfi
2058 4891 2095 4954 et
2116 4891 2349 4964 surrentum,
2374 4893 2410 4954 et

561 5038 684 5126 quinto
710 5058 803 5106 anuo
826 5039 1139 5126 suprascriptorum
1163 5040 1428 5128 principatuum
1452 5045 1488 5107 et
1500 5041 1694 5109 ducatuum
1717 5041 1836 5109 domni
1848 5041 1963 5126 gisulfi
1986 5042 2062 5110 eius
2084 5041 2149 5110 filii
2169 5043 2293 5110 eximii
2316 5043 2414 5130 prin-

560 5191 649 5277 cipis
674 5195 710 5258 et
733 5192 845 5268 ducis,
863 5194 900 5258 et
925 5197 1052 5280 quarto
1077 5213 1169 5262 anno
1193 5194 1338 5262 ducatus
1360 5195 1505 5262 illorum
1528 5194 1649 5281 apulie
1672 5197 1735 5262 het
1757 5197 1934 5274 kalabrie,
1952 5217 2071 5265 mense
2088 5200 2290 5275 nobember,
2309 5197 2411 5285 quin-

564 5343 740 5410 tadecima
764 5344 969 5414 indictione.
998 5348 1072 5432 Ego
1095 5347 1232 5434 pulcari
1254 5347 1345 5415 filius
1369 5347 1542 5434 quondam
1566 5347 1659 5435 petri
1682 5349 1856 5426 sardone,
1892 5351 1975 5418 dum
1999 5349 2106 5417 michi
2130 5353 2166 5416 te
2198 5346 2326 5416 mulier
2348 5371 2407 5417 no-

560 5495 653 5564 rnine
677 5499 856 5566 auricerta
879 5497 949 5568 fllia
973 5501 1150 5590 quondam
1174 5501 1265 5588 petri
1288 5501 1325 5568 in
1348 5521 1425 5568 meo
1448 5502 1581 5570 sociabi
1605 5499 1780 5589 coniugio,
1802 5507 1839 5570 et
1860 5504 1952 5572 sicut
1981 5508 2158 5572 ammonet
2181 5505 2272 5572 ritus
2295 5505 2413 5592 gentis

562 5657 682 5720 nostre
705 5647 1017 5742 langobardorum,
1044 5653 1130 5742 quia
1153 5672 1218 5741 per
1241 5673 1309 5722 unc
1333 5649 1501 5742 scriptum
1518 5653 1721 5742 morgincap
1737 5655 1902 5722 confirmo
1918 5655 1984 5722 tibi
2010 5653 2186 5724 nominate
2209 5653 2311 5724 uxori
2336 5675 2412 5724 mee

558 5811 722 5896 quartam
748 5810 883 5894 partem
908 5810 951 5876 de
975 5827 1021 5875 ex
1045 5803 1207 5874 omnibus
1230 5809 1336 5874 rebus
1359 5803 1563 5874 substantiis
1588 5809 1622 5873 et
1646 5803 1830 5875 mobilibus
1853 5807 1967 5886 meiS,
2004 5809 2096 5876 ldest
2126 5811 2169 5878 de
2192 5809 2278 5907 casis
2309 5829 2411 5897 quam
