5454 7104
1038 493 1440 573 lltPLOllthCUS
2077 497 2121 572 89

311 695 349 759 et
371 692 448 762 eius
470 695 631 772 heredes,
657 697 748 782 quod
773 695 978 774 voluerint;
1005 703 1041 765 et
1064 699 1187 766 amodo
1211 698 1307 765 omni
1331 701 1489 785 tempore
1505 701 1637 765 habeat
1661 699 1735 784 ipsa
1760 715 1817 764 res
1841 699 1941 766 nobis
1965 699 2110 786 tignata
2134 703 2171 767 et

311 850 480 936 obligata,
505 855 545 919 ut
567 854 673 940 quale
695 857 854 942 tempore
884 855 967 921 illut
990 855 1157 922 daturum
1182 857 1246 922 aut
1269 853 1489 922 binditurum
1513 851 1683 929 abuerit,
1716 853 1815 920 nobis
1839 851 1922 919 illut
1946 852 2054 920 deant
2077 854 2171 921 iusto

312 1005 468 1074 baliente
491 1009 658 1095 pretium,
684 1027 753 1096 que
775 1008 867 1075 iuste
891 1008 1000 1076 suerit
1022 1009 1276 1095 appretiatum,
1302 1009 1395 1078 sicut
1416 1029 1526 1096 supra
1548 1010 1698 1096 legitur.
1723 1012 1766 1076 nt
1790 1009 1925 1077 saciant
1948 1029 2011 1077 nos
2034 1008 2172 1076 exinde

310 1161 402 1228 scire
426 1181 486 1248 per
510 1140 616 1230 tertio
640 1163 872 1228 constitutum
896 1181 959 1248 pro
983 1161 1067 1228 illut
1089 1163 1277 1230 emendum
1312 1163 1357 1230 ad
1382 1163 1474 1230 iusto
1499 1163 1660 1231 baliente
1692 1165 1872 1249 pretium,
1909 1164 2002 1232 sicut
2035 1165 2171 1234 dictum

311 1319 376 1382 est.
404 1319 448 1382 nt
469 1316 500 1383 si
522 1315 618 1382 infra
641 1314 718 1402 ipsa
741 1315 932 1383 constituta
955 1315 1037 1382 illut
1060 1315 1172 1383 abeis
1195 1335 1314 1384 emere
1330 1317 1560 1396 noluerimus,
1579 1316 1671 1385 sicut
1695 1317 1868 1395 diximus
1886 1319 1971 1385 tunc
1994 1321 2073 1406 post
2089 1320 2172 1414 ipsa

311 1470 504 1537 constituta
526 1471 634 1538 liceat
656 1471 728 1538 illis
750 1490 808 1538 eos
832 1471 918 1538 dare
941 1471 1000 1538 cui
1024 1470 1188 1540 boluerit.
1229 1475 1319 1540 Nam
1342 1475 1372 1541 si
1397 1477 1479 1542 ante
1503 1473 1581 1560 ipsa
1605 1473 1818 1550 constituta,
1844 1472 2055 1561 cuicumque
2082 1475 2184 1547 illut,

318 1623 375 1688 vel
398 1643 444 1692 ex
467 1625 543 1711 ipso
566 1625 729 1704 dederit,
755 1629 818 1694 aut
841 1645 905 1713 per
928 1627 1085 1714 quolibet
1108 1626 1253 1694 titulum
1277 1626 1515 1702 alienaverit,
1551 1625 1642 1693 sicut
1666 1626 1710 1693 de
1737 1625 1882 1693 illorum
1906 1619 2080 1712 potestate
2110 1645 2173 1712 pa·

316 1781 396 1844 reat
418 1781 656 1880 substractum
680 1797 743 1864 per
766 1780 1021 1866 qualecumque
1045 1779 1196 1856 ratione,
1214 1782 1299 1846 tunc
1322 1779 1398 1846 sine
1414 1779 1568 1865 pretium
1591 1779 1808 1865 perveniant
1831 1781 1876 1846 ad
1892 1782 2066 1866 potestate
2083 1797 2169 1848 mea

319 1934 422 2002 etde
444 1935 532 2002 meis
555 1935 767 2012 heredibus,
794 1935 993 2003 faciendum
1017 1933 1099 2002 inde
1122 1935 1267 2010 omnia,
1294 1933 1384 2020 quod
1409 1931 1660 2008 voluerimus,
1686 1935 1734 1999 et
1756 1933 1819 2000 ille
1854 1937 1891 2002 et
1912 1935 1989 2003 eius
2023 1937 2173 2004 heredes

319 2088 401 2156 illut
424 2090 524 2158 nobis
546 2089 742 2168 defensare,
760 2089 853 2158 siout
874 2107 984 2176 supra
998 2087 1153 2174 legitur.
1179 2091 1223 2154 Et
1246 2107 1309 2174 per
1325 2088 1586 2156 combenientia
1609 2083 1681 2174 ipse
1698 2106 1782 2154 urso
1798 2087 1932 2174 guadia
1948 2089 2057 2158 michi
2073 2091 2173 2158 dedit

314 2249 350 2314 et
372 2244 566 2312 mediatore
589 2245 698 2313 michi
721 2243 837 2331 posuit
858 2243 1024 2330 seipsum,
1039 2245 1075 2309 et
1098 2261 1162 2330 per
1185 2243 1298 2328 ipsam
1322 2243 1492 2329 guadiam
1517 2241 1697 2328 obligavit
1719 2260 1756 2309 se
1780 2245 1816 2308 et
1838 2261 1919 2310 suos
1941 2240 2092 2314 heredes
2117 2248 2160 2326 si,

311 2399 403 2468 sicut
424 2399 586 2486 superius
609 2399 755 2484 legitur,
781 2398 890 2465 michi
914 2397 1052 2482 meique
1076 2397 1267 2466 heredibus
1291 2417 1362 2466 non
1385 2395 1689 2482 adimpleverint,
1716 2398 1752 2462 et
1774 2397 2018 2484 suprascripta
2041 2402 2099 2466 vel
2124 2421 2170 2468 ex

310 2552 362 2620 eis
386 2555 576 2642 quicquam
601 2574 782 2624 removere
817 2559 881 2623 ant
904 2557 1149 2624 contradicere
1183 2558 1495 2644 presumpserint,
1534 2558 1731 2645 peripsam
1763 2559 1933 2644 guadiam
1956 2579 2167 2648 componere

312 2709 487 2797 obligavit
509 2710 636 2797 seipse
661 2729 741 2777 urso
765 2714 801 2777 et
815 2729 896 2778 suos
911 2710 1059 2778 heredes
1083 2711 1192 2778 michi
1214 2711 1353 2799 meique
1377 2711 1581 2789 heredibus,
1599 2729 1662 2778 seu
1686 2713 1743 2779 cni
1759 2716 1903 2780 brebem
1919 2714 1986 2782 iste
2002 2714 2040 2782 in
2057 2736 2166 2784 manu

309 2866 481 2950 paruerit,
497 2865 758 2953 quinquaginta
781 2866 861 2932 auri
885 2865 1012 2933 solidos
1036 2866 1358 2942 constantinianus,
1373 2867 1421 2942 et,
1436 2865 1528 2932 sicut
1557 2865 1720 2952 superius
1743 2867 1915 2954 scriptum
1931 2872 1996 2948 est,
2010 2871 2172 2960 adinple-

311 3039 362 3096 re;
387 3023 424 3086 et
446 3021 609 3106 apposuit
631 3022 668 3086 et
689 3019 863 3106 obligavit
886 3039 923 3086 se
946 3022 983 3086 et
1005 3039 1084 3087 suos
1109 3019 1260 3087 heredes
1285 3019 1384 3088 nobis
1408 3019 1453 3087 ad
1469 3021 1737 3106 pignerandum
1760 3043 1881 3091 omnes
1905 3029 2011 3095 rebus
2034 3032 2070 3095 et
2086 3048 2170 3096 cau-

312 3192 388 3241 sam
411 3193 512 3242 suam
536 3173 609 3240 alia
631 3173 791 3260 legitimo
815 3177 851 3240 et
874 3173 1085 3260 inlegitimo.
1127 3175 1182 3242 Sic
1207 3177 1327 3242 tamen
1350 3175 1634 3262 suprascriptam
1673 3177 1818 3245 tertiam
1840 3181 1980 3266 partem
2016 3181 2059 3248 de
2095 3184 2173 3250 tota

312 3329 556 3416 suprascripta
578 3347 635 3396 res
658 3330 701 3398 de
724 3331 882 3418 predicto
906 3333 1021 3398 locum
1044 3331 1255 3408 casiniano,
1293 3332 1351 3398 ubi
1376 3331 1451 3417 ipso
1475 3333 1703 3399 bulutamblu
1739 3332 1897 3410 dicitur,
1932 3337 1968 3400 et
1991 3337 2064 3402 tota
2088 3336 2168 3422 ipsa

313 3485 417 3550 rebus
441 3483 483 3550 de
508 3478 664 3570 predicto
688 3485 803 3551 locum
828 3484 956 3552 uliaria
995 3484 1069 3570 ipse
1093 3503 1176 3550 urso
1201 3435 1310 3550 michi
1335 3484 1499 3572 apposuit
1530 3489 1567 3551 et
1589 3486 1793 3572 obligavit,
1830 3487 1923 3555 sicut
1945 3507 2054 3576 supra
2077 3489 2168 3576 legi-

310 3640 380 3714 tur,
406 3656 469 3724 per
492 3639 735 3724 suprascripta
758 3637 892 3723 guadia
915 3641 951 3704 et
972 3636 1132 3722 obligata
1159 3656 1263 3722 pena,
1291 3638 1382 3723 quod
1406 3637 1531 3724 scripsi
1556 3657 1625 3724 ego
1649 3643 1772 3724 petrus
1796 3641 1970 3708 notarius.

275 3881 278 3887 Α
358 3791 386 3881 †
409 3793 483 3876 Ego
507 3792 568 3880 qui
591 3811 700 3879 supra
723 3790 881 3859 ademari
906 3791 1026 3859 iudex.

357 3948 401 4013 Et
422 3965 463 4014 oc
487 3946 675 4013 recolimus
698 3947 791 4034 quod
814 3945 950 4014 addidit
973 3946 1082 4014 michi
1106 3946 1181 4033 ipsc
1206 3966 1288 4014 urso
1314 3965 1386 4014 una
1408 3945 1482 4014 alia
1504 3948 1651 4014 cartula
1674 3939 1884 4026 divisionis,
1918 3947 2075 4036 qualiter
2106 3948 2170 4016 ille

309 4123 389 4170 cum
412 4101 476 4170 alii
499 4101 554 4169 sui
577 4102 743 4189 germani
766 4101 887 4169 divisit
909 4103 988 4188 ipsa
1011 4121 1067 4168 res
1090 4120 1173 4169 suas
1198 4101 1242 4169 de
1265 4097 1422 4188 predicto
1447 4100 1563 4168 locum
1589 4100 1745 4178 uliaria,
1771 4119 1840 4188 que
1862 4099 1997 4188 scripta
2020 4103 2079 4169 est
2100 4121 2168 4188 per

308 4260 427 4346 petrus
451 4257 611 4324 notarius
634 4255 684 4324 ibi
710 4259 876 4324 testatum
900 4255 1014 4341 ipsum
1039 4254 1202 4323 ademari
1227 4255 1335 4321 iudex
1359 4255 1402 4322 de
1426 4255 1593 4322 vicesimo
1629 4274 1720 4322 nono
1745 4274 1840 4322 anno
1862 4255 2085 4342 principatus
2107 4273 2165 4322 sa·

308 4412 401 4479 lerni
423 4411 542 4480 domni
567 4411 679 4478 nostri
702 4409 896 4497 guaimarii
919 4409 1066 4496 gloriosi
1090 4409 1285 4495 principis,
1322 4412 1358 4477 et
1381 4429 1471 4477 nono
1512 4429 1608 4478 anno
1636 4409 1856 4498 principatus
1891 4411 2025 4476 salerni
2050 4407 2170 4476 domni

309 4569 421 4636 nostri
443 4567 623 4655 guaimari
646 4566 791 4653 gloriosi
816 4565 1010 4653 principis,
1046 4569 1083 4633 et
1105 4587 1197 4634 nono
1221 4585 1315 4633 anno
1339 4565 1557 4652 principatus
1588 4565 1664 4632 eius
1687 4583 1826 4650 capue,
1860 4566 1897 4630 et
1919 4566 2044 4631 octabu
2069 4581 2165 4630 anno

308 4723 458 4790 ducatus
489 4721 565 4790 eius
589 4721 727 4790 amalfis
761 4723 799 4788 et
820 4721 993 4799 sirrenti,
1034 4723 1070 4786 et
1093 4721 1215 4807 quinto
1243 4740 1337 4788 anno
1367 4721 1701 4807 suprascriptorum
1731 4718 1996 4804 principatuum
2033 4719 2071 4783 et
2102 4716 2168 4784 du·
2273 4759 2275 4762 -

308 4879 452 4944 catuum
475 4875 595 4944 domni
618 4875 739 4962 gisulfi
761 4873 884 4941 eximii
908 4873 1081 4960 principis
1106 4876 1142 4940 et
1166 4874 1266 4941 ducis
1289 4875 1354 4941 nni
1379 4874 1479 4951 eius,
1516 4877 1551 4940 et
1574 4873 1699 4961 quinto
1723 4890 1816 4939 anno
1840 4870 1989 4938 ducatus
2012 4869 2160 4937 illorum

309 5032 428 5121 apulie
451 5037 487 5100 et
509 5033 691 5110 calabrie,
729 5049 848 5098 mense
873 5031 1046 5108 martius,
1080 5029 1349 5118 quintadecima
1371 5029 1576 5097 indictione.
1614 5028 1692 5113 ipsa
1722 5027 1869 5094 cartula
1896 5027 1995 5094 nobis
2025 5023 2105 5092 dedi
2128 5025 2166 5092 in

309 5189 553 5276 suprascripta
576 5187 729 5256 ratione.

974 5381 1452 5392 ———-—-———-.
