5372 7106
1200 552 1622 633 DAMIGERON

725 765 875 832 oculos
901 758 1110 830 OAVENSE
1440 755 1565 824 Pura.
1591 757 1848 825 AUGTARIUM
1871 759 1933 824 EX
1956 757 2106 824 coeloe:
2136 755 2327 823 cnvuusl
2357 844 2359 854 Ι

1821 893 1846 958 1.
1867 893 1943 957 191.

456 1132 613 1202 similem
636 1136 726 1202 oleo.
754 1129 955 1218 applicatus
979 1125 1024 1193 ad
1049 1120 1274 1210 splendorem
1298 1113 1380 1186 solis
1422 1118 1576 1187 similem
1599 1121 1702 1206 oleo,
1743 1121 1779 1186 et
1802 1117 2006 1204 applicatus
2041 1115 2086 1185 ad
2110 1115 2343 1210 splendorem

462 1285 640 1372 splendet.
666 1281 765 1350 utilis
789 1285 843 1348 est
865 1280 1029 1366 portatus
1055 1274 1097 1342 ad
1121 1272 1295 1361 potentes.
1421 1268 1519 1346 solis,
1537 1267 1712 1356 splendet.
1731 1265 1760 1331 U
1778 1262 1835 1332 ilis
1851 1265 1906 1330 est
1922 1263 2082 1350 portatus
2100 1260 2145 1328 ad
2158 1261 2337 1346 potentes.

503 1421 610 1508 Lapis
633 1420 826 1489 adamicos.
852 1415 1044 1484 Adamicos
1060 1415 1163 1500 lapis.
1188 1429 1254 1477 ovo
1277 1408 1378 1495 opalo
1469 1425 1579 1509 papis
1592 1423 1794 1490 Amicos·
1824 1418 2013 1486 Adamicos
2039 1413 2126 1501 papis
2149 1433 2214 1482 (ΝΟ
2237 1414 2342 1500 apap,

459 1573 551 1642 idest
574 1572 693 1640 molle.
719 1571 778 1639 hic
803 1569 895 1657 lapis
919 1567 1089 1637 humidus
1119 1569 1185 1634 est.
1223 1563 1376 1632 lucidus.
1422 1555 1545 1631 ἅπαλος
1583 1558 1725 1640 tener),
1751 1557 1844 1626 idest
1868 1556 1988 1623 molle.
2014 1554 2078 1621 Hic
2102 1553 2200 1637 lapis
2223 1549 2342 1616 humi·

457 1719 559 1807 quasi
584 1717 724 1787 marino
748 1717 867 1784 colore
891 1713 1044 1801 nigrior.
1069 1714 1132 1779 aut
1148 1710 1263 1796 magis
1281 1708 1379 1775 velut
1421 1699 1488 1768 dus
1512 1701 1566 1768 est
1588 1698 1739 1774 lucidus,
1765 1697 1868 1785 quasi
1888 1695 2041 1770 marino,
2060 1694 2177 1760 colore
2201 1691 2341 1776 nigrior

461 1865 655 1934 iacinthus.
675 1866 739 1933 llic
756 1866 903 1950 portans
920 1865 1032 1931 bonus
1048 1859 1279 1946 persuadens.
1296 1875 1379 1942 gra·
1422 1852 1484 1916 eut
1510 1850 1626 1935 magis
1649 1850 1750 1916 velut
1764 1847 1956 1915 iacinthus.
1986 1843 2050 1910 llio
2067 1844 2214 1929 portans
2230 1843 2342 1923 (hunc

456 2007 580 2076 tiosus.
607 2011 696 2075 bone
720 2006 792 2073 bite
816 2004 1030 2092 applicatus.
1057 2004 1102 2068 ed
1126 2001 1309 2068 oculorum
1327 1997 1379 2064 vi·
1423 1985 1604 2076 portensi)
1628 1989 1752 2063 bonus,
1778 1983 2020 2071 persuadens,
2045 1981 2250 2067 gratiosus,
2279 1979 2340 2044 bo·

458 2154 515 2222 tia
537 2152 637 2222 facit.
665 2154 716 2219 lta
740 2153 780 2218 ut
801 2168 942 2236 semper
966 2167 1045 2216 eum
1071 2149 1215 2214 habeas.
1422 2137 1634 2213 nae·vitae;
1668 2135 1868 2223 applicatus
1893 2131 1936 2199 ad
1959 2133 2147 2198 oculorum
2177 2130 2267 2196 vitia
2290 2128 2342 2194 sa·

1420 2277 1481 2354 cit,
1508 2279 1560 2344 ita
1584 2279 1623 2343 ut
1646 2294 1786 2362 semper
1809 2293 1889 2341 cum
1915 2273 2059 2342 habeas.

499 2464 605 2550 Lapis
629 2461 725 2529 diffie
742 2496 787 2510 -
806 2458 907 2526 Diffle
931 2455 1025 2543 lapis
1048 2455 1180 2523 semine
1204 2456 1254 2538 (l)
1279 2453 1376 2520 simi·
1464 2449 1582 2535 Lapis.
1611 2499 1618 2516 .
1648 2499 1655 2514 .
1681 2447 1696 2514 ‘l
1719 2445 1876 2532 (videtur
1898 2444 2070 2524 omissus).

457 2595 503 2664 lis
526 2599 581 2664 est
604 2593 744 2682 priori,
780 2592 839 2661 hic
865 2591 1002 2658 nullum
1037 2589 1077 2656 in
1106 2607 1144 2656 se
1167 2591 1375 2656 tuburonem

455 2735 577 2802 habet.
603 2731 691 2800 lacit
720 2731 762 2800 ad
786 2747 944 2798 amorem
981 2729 1115 2796 femina
1150 2727 1195 2795 ad
1231 2727 1373 2794 semina.

453 2863 573 2936 virum
598 2865 640 2934 ad
664 2865 782 2932 virum
806 2865 980 2950 gestatus.

495 3015 601 3102 Lapis
615 3013 742 3081 scithe.
758 3011 854 3078 Scito
866 3009 958 3097 lapis
975 3009 1081 3096 niger
1097 3012 1151 3077 est
1165 3010 1289 3077 similis
1306 3012 1375 3078 ser·
1464 3009 1575 3094 Lapis
1599 3008 1729 3076 Scittio.
1748 3004 1869 3072 Scitho
1891 3003 1983 3090 lapis
2006 3002 2110 3088 niger
2134 3001 2188 3067 est
2211 2997 2339 3066 similis

452 3171 504 3218 ro.
530 3169 613 3218 nam
637 3149 761 3217 scisus.
788 3155 973 3235 tamquam
998 3165 1116 3214 canna
1139 3145 1285 3213 finditur
1309 3147 1372 3229 (2).
1419 3147 1534 3215 ferro:
1561 3163 1645 3211 nam
1670 3142 1811 3210 scissus.
1841 3192 1848 3206 .
1878 3191 1884 3204 .
1911 3138 2099 3206 scinditur.

448 3282 512 3349 sed
525 3281 630 3348 tritus
643 3284 797 3348 colorem
812 3281 900 3348 lacit
916 3281 1102 3366 pallidum.
1115 3281 1176 3367 qui
1193 3299 1273 3347 eum
1291 3298 1375 3348 usus
1463 3280 1529 3347 Sed
1551 3279 1670 3346 acrius
1693 3279 1847 3344 colorem
1867 3277 1953 3343 facit
1969 3273 2155 3360 pallidum.
2173 3271 2337 3348 Quicum

451 3419 574 3499 tuerit.
591 3418 621 3485 si
639 3437 661 3486 a
676 3417 808 3486 sanctis
832 3418 1038 3503 increpatus
1047 3417 1154 3485 fuerit
1166 3419 1372 3488 dimittitur.
1419 3441 1503 3490 usus
1527 3418 1648 3493 suerit,
1665 3417 1731 3485 sia
1754 3413 1887 3483 sanctis
1911 3413 2116 3498 increpatus
2140 3408 2261 3485 luerit,
2286 3407 2338 3474 di-

1418 3557 1589 3626 mittitur.

499 3699 603 3786 Lepis
627 3697 793 3766 triclites.
820 3698 982 3767 Triclites
1005 3701 1097 3787 lapis
1120 3705 1239 3786 gravis
1263 3707 1375 3772 estet
1461 3707 1571 3791 Lapis
1595 3657 1776 3770 Ariclites.
1802 3700 1971 3767 Ariclites
1995 3699 2088 3786 lapis
2111 3699 2234 3784 gravis
2257 3703 2335 3777 est,

454 3837 571 3906 sortis.
598 3833 702 3901 tricle
728 3834 834 3920 piscis
857 3833 986 3902 similis
1009 3837 1073 3921 (3).
1108 3840 1243 3907 habens
1276 3841 1315 3908 in
1338 3859 1375 3908 se
1416 3841 1590 3913 attentis,
1617 3837 1729 3903 ariele
1753 3835 1872 3922 piscis.
1900 3887 1906 3900 .
1936 3887 1943 3901 .
1972 3887 1979 3900 .
2007 3835 2143 3901 habens
2166 3832 2204 3898 in
2227 3851 2264 3900 se
2280 3851 2337 3900 su·

458 3977 664 4046 subalvidas
687 3979 823 4062 guttas.
850 3975 1027 4062 Religioso
1051 3979 1221 4066 alligatus
1244 3981 1374 4068 optime
1416 3984 1579 4053 balbidas
1603 3987 1734 4072 guttas.
1762 3983 1938 4069 Religiosc
1962 3981 2152 4067 alligatus.
2180 3982 2335 4050 maxime

453 4122 551 4190 facit.
1355 4111 1358 4119 '
1416 4124 1515 4194 lacit.

501 4559 550 4640 (l)
572 4559 747 4621 Abbenche
770 4559 817 4620 sia
838 4558 871 4620 in
894 4563 1007 4638 questo
1029 4558 1124 4636 luogo
1146 4559 1229 4620 essai
1251 4560 1374 4620 svauita
1395 4559 1426 4620 la
1447 4559 1597 4622 scritture
1617 4558 1669 4620 del
1690 4578 1722 4620 n.
1747 4577 1789 4628 c.‚
1812 4577 1874 4620 non
1895 4562 1958 4638 pud
1982 4557 2061 4619 dirsi
2082 4558 2234 4620 l'articolo
2254 4565 2319 4620 tra-

456 4707 599 4776 lasciato‚
621 4707 767 4767 omissus.
793 4706 826 4768 si
847 4705 937 4787 perta
959 4707 992 4767 in
1014 4723 1084 4767 esso
1106 4709 1317 4767 nuovamente
1339 4703 1423 4766 della
1442 4703 1546 4785 pietra
1568 4703 1680 4781 Diffies
1701 4723 1760 4766 con
1783 4703 1967 4782 l’aggiunto
1988 4705 2123 4782 sanine,
2146 4705 2238 4784 quasi
2259 4705 2318 4766 che

457 4852 488 4912 si
508 4853 658 4912 trattasse
680 4849 765 4912 della
786 4851 902 4932 pietro,
924 4849 955 4911 di
980 4849 1030 4912 cui
1052 4851 1103 4928 git
1124 4851 1150 4910 si
1173 4851 1242 4910 lece
1263 4851 1383 4930 parole,
1405 4867 1458 4911 ma
1479 4849 1511 4911 di
1533 4867 1620 4911 sesso
1641 4849 1829 4913 femminile.

494 4994 542 5076 (2)
564 4993 607 5058 Le
628 4996 689 5058 due
710 4995 819 5076 parole
840 5001 1010 5074 tamquam
1031 5011 1153 5068 canno,
1177 5013 1300 5056 omesse
1323 4995 1374 5055 dal
1396 4995 1496 5066 Pitra‚
1520 4996 1548 5055 si
1570 4995 1717 5074 leggon03
1741 5015 1758 5055 e
1780 4995 1812 5057 le
1833 4997 1942 5076 parole
1962 5001 2115 5075 sequente
2137 5001 2154 5057 d
2174 4995 2317 5074 finditur
2368 4977 2371 4983 Δ

454 5159 517 5202 non
537 5139 715 5202 scinditur.

497 5279 545 5362 (3)
567 5280 592 5342 11
614 5279 703 5343 Pitrs
723 5299 818 5344 senza
840 5281 960 5343 dubbio
981 5281 1102 5344 avendo
1123 5283 1448 5345 inavvertentemente
1480 5283 1658 5372 scambiats
1678 5283 1699 5345 l·
1712 5305 1732 5346 α
1756 5304 1814 5346 con
1836 5290 1848 5345 t
1869 5305 1961 5366 prese
1982 5306 2026 5347 un
2047 5288 2200 5366 equivoco
2218 5285 2308 5347 nella

455 5429 575 5489 lesione
597 5424 648 5489 del
669 5447 702 5490 n.
726 5447 754 5490 c.
777 5429 847 5490 Non
868 5428 1025 5510 possiamo
1046 5446 1163 5508 negare
1185 5428 1243 5490 che
1265 5427 1296 5490 la
1317 5429 1420 5490 forme
1441 5427 1472 5488 di
1494 5433 1606 5508 queste
1627 5429 1690 5490 due
1712 5428 1826 5493 lettere
1848 5432 1933 5493 nella
1956 5432 2109 5494 scrittura
2129 5431 2180 5494 del
2203 5431 2314 5494 codiee

455 5575 474 5632 ὲ
495 5573 587 5650 quasi
607 5572 725 5647 simile,
749 5591 801 5634 ma
822 5573 855 5635 la
875 5572 1007 5636 lineetta
1029 5576 1213 5656 superiore,
1237 5580 1320 5640 rette
1341 5574 1394 5637 nel
1416 5579 1429 5636 t
1451 5593 1547 5637 curva
1569 5577 1602 5636 in
1624 5576 1685 5638 dns
1706 5576 1813 5648 nella,
1836 5576 1899 5638 ben
1920 5577 1949 5638 le
1970 5577 2140 5657 distingue.
2165 5578 2313 5640 Perilche

456 5713 534 5777 deve
556 5715 693 5796 leggersi
715 5736 778 5780 non
798 5716 965 5791 strictitate,
988 5736 1040 5780 ma
1066 5717 1216 5780 Trtctttes
1237 5719 1261 5780 il
1282 5737 1375 5781 nome
1398 5717 1482 5780 della
1502 5721 1627 5800 pietra3
1649 5718 1689 5781 ed
1711 5721 1744 5780 in
1766 5720 1890 5800 requiro
1910 5739 1973 5782 non
1995 5721 2119 5792 ariete,
2144 5721 2203 5780 che
2224 5719 2314 5782 nulla

454 5861 539 5932 dics.
560 5879 614 5925 ms
633 5865 660 5925 sl
682 5863 777 5928 triete
794 5865 898 5944 piscis
919 5871 993 5936 ete,
1017 5865 1075 5927 che
1098 5858 1208 5946 spiegs
1230 5865 1313 5926 bene
1336 5865 1358 5926 il
1379 5883 1472 5927 senso
1494 5863 1578 5928 della
1599 5867 1697 5928 frose.
