5454 7104
981 448 1439 523 britannicus
2034 442 2077 515 93

270 650 419 718 orientis
445 653 528 716 sunt
551 648 646 735 passi
672 647 866 735 sexaginta
889 649 962 714 tres
985 649 1021 712 et
1044 645 1212 714 medium.
1239 647 1315 714 Tali
1339 647 1488 714 hordine
1512 649 1791 733 suprascriptam
1817 651 1953 715 terram
1977 667 2057 714 cum
2073 664 2132 714 ar·

276 805 389 873 bustis
413 803 520 870 michi
545 821 608 888 per
634 801 919 869 convenientiam
943 821 1023 870 cum
1047 801 1123 870 vice
1146 801 1189 868 de
1214 801 1291 886 ipsa
1316 801 1374 868 via
1398 801 1559 878 tradidit,
1578 804 1618 868 ut
1641 802 1765 870 amodo
1790 805 1827 869 et
1850 819 1988 888 semper
2011 820 2077 885 ego
2092 804 2129 867 et

273 977 368 1028 meos
391 959 551 1033 heredes,
581 959 681 1025 natos
706 959 903 1032 nascentes,
929 955 1174 1043 suprascripta
1199 955 1391 1023 traditione
1417 957 1536 1023 nostre
1560 957 1746 1042 potestatis
1769 961 1954 1024 teneamus
1970 958 2006 1022 et
2021 955 2131 1022 domi-

273 1131 424 1200 demna,
460 1114 579 1180 foveas
602 1114 640 1176 et
662 1129 784 1178 omnes
808 1111 947 1177 nostras
971 1109 1145 1176 utilitates
1169 1109 1264 1176 iusta
1288 1108 1463 1175 rationem
1488 1108 1537 1175 ihi
1561 1108 1746 1176 iaciamus.
1785 1112 1829 1175 Et
1866 1127 1968 1176 omne
1992 1125 2126 1174 annum

272 1269 355 1354 apto
383 1269 540 1352 tempore
566 1267 641 1332 tota
664 1263 741 1350 ipsa
766 1262 958 1330 traditione
982 1265 1153 1350 potemus,
1168 1263 1446 1350 propaginemus
1469 1264 1529 1330 ubi
1554 1264 1739 1342 meruerit,
1765 1263 1860 1332 inira
1876 1264 1965 1332 illud
1982 1266 2128 1332 arbores

270 1423 308 1486 et
334 1419 424 1486 vites
446 1419 490 1486 de
515 1421 603 1486 bono
627 1418 754 1485 vitinio
777 1418 979 1505 plantemus
1002 1420 1039 1484 et
1061 1436 1263 1503 surgamus
1282 1419 1318 1484 et
1340 1417 1391 1484 sic
1416 1418 1507 1485 illud
1529 1435 1633 1486 omno
1657 1437 1789 1484 annum
1806 1423 1888 1506 apto
1912 1421 2069 1506 tempore
2084 1419 2127 1488 de

273 1593 383 1662 super
405 1577 442 1640 et
463 1573 507 1640 de
530 1579 652 1660 supter
675 1575 881 1641 laboremus
904 1576 941 1640 et
963 1574 1152 1650 cultemus,
1171 1577 1211 1641 ut
1233 1575 1272 1640 iu
1295 1573 1424 1640 melius
1448 1573 1612 1661 proficiat
1634 1576 1670 1638 et
1693 1592 1763 1640 non
1793 1573 1974 1658 depereat,
1992 1576 2028 1640 et
2043 1592 2132 1640 sem-

272 1749 336 1817 per
359 1730 491 1796 bonum
515 1734 642 1818 pareat
665 1731 878 1804 laboratum,
904 1734 940 1796 et
955 1729 1143 1805 cultatum,
1159 1730 1197 1796 et
1219 1729 1419 1815 operatum,
1436 1729 1473 1795 et
1495 1730 1647 1806 surtum3
1661 1732 1698 1796 et
1717 1749 1739 1796 u
1761 1728 1829 1795 nde
1845 1728 2029 1803 meruerit,
2047 1723 2134 1795 illud

273 1885 475 1970 cruciamus,
499 1889 535 1952 et
557 1903 697 1970 semper
720 1884 809 1952 illud
832 1886 970 1964 clusum
994 1885 1201 1952 habeamus.
1227 1884 1272 1950 Et
1295 1883 1420 1950 amodo
1444 1885 1480 1948 et
1495 1901 1634 1968 semper
1656 1902 1758 1950 omne
1787 1901 1921 1949 annum
1945 1885 2026 1968 apto
2042 1886 2128 1948 tem-

278 2059 366 2128 pore
390 2059 454 2126 per
478 2043 635 2126 tempore
658 2040 701 2106 de
726 2038 901 2106 vindemie
926 2037 1098 2105 faciamus
1120 2036 1212 2103 scire
1235 2037 1375 2122 partem
1399 2035 1551 2120 predicti
1575 2035 1880 2122 archiepiscopii,
1906 2037 1947 2102 ut
1968 2036 2055 2102 illuc
2078 2035 2130 2102 di-

278 2196 376 2281 rigat
403 2194 561 2270 missum,
587 2199 623 2262 et
646 2214 709 2263 nos
733 2197 808 2262 tota
830 2195 904 2282 ipsa
928 2193 1107 2262 vindemia
1131 2195 1320 2260 antaeum
1344 2191 1609 2260 rationabiliter
1636 2193 1905 2270 vindemiemus
1927 2194 1963 2258 et
1985 2191 2030 2258 ad
2053 2191 2131 2276 pal-

272 2348 435 2412 mentum
458 2343 572 2434 ibique
595 2345 711 2434 ipsum
735 2345 856 2414 viuum
880 2364 1133 2431 procuremus,
1168 2347 1205 2413 et
1227 2364 1291 2432 per
1316 2345 1540 2412 medietatem
1565 2346 1605 2412 ill
1615 2345 1661 2412 ud
1685 2345 1896 2412 dividamus:
1914 2345 1959 2412 ad
1983 2344 2127 2412 missum

279 2500 322 2567 de
345 2505 485 2587 partem
510 2501 660 2587 predicti
684 2502 806 2570 demus
821 2501 903 2568 inde
927 2519 991 2588 per
1013 2519 1116 2568 omne
1139 2519 1274 2568 annum
1298 2499 1465 2568 inclitam
1491 2501 1735 2576 medietatem,
1762 2503 1797 2566 et
1812 2501 1913 2566 nobis
1938 2503 2130 2567 habeamus

282 2655 523 2722 medietatem.
549 2655 717 2740 assignet
740 2656 840 2726 nobis
862 2660 1002 2743 partem
1026 2655 1178 2741 predicti
1202 2653 1474 2741 archiepiscopii
1496 2673 1693 2740 organeum
1727 2655 1774 2720 da
1796 2653 1919 2720 vinum
1957 2653 2002 2720 ad
2025 2653 2131 2720 cella-

274 2807 383 2884 rium,
410 2808 501 2894 quod
525 2809 632 2874 habet
657 2808 703 2876 ad
728 2807 915 2876 ecclesiam
939 2811 1061 2876 sancte
1083 2827 1293 2895 semperque
1319 2805 1470 2892 virginis
1493 2806 1551 2873 dei
1576 2806 1762 2892 genitricis
1785 2807 1898 2874 marie
1921 2808 2061 2892 plebem
2085 2806 2128 2873 de

274 2961 350 3048 ipso
376 2963 470 3038 loco,
496 2969 532 3028 et
556 2981 617 3029 nos
642 2963 760 3049 ipsum
783 2981 978 3048 organeum
1002 2981 1105 3030 omne
1129 2979 1262 3030 annum
1287 2965 1369 3049 apto
1394 2965 1552 3048 tempore
1575 2961 1783 3029 conciemus
1806 2963 1842 3027 et
1864 2961 2059 3028 studiemus
2074 2963 2133 3028 bo-

273 3135 371 3194 num,
399 3115 492 3184 sicut
514 3117 699 3194 meruerit,
717 3121 753 3184 et
777 3137 988 3204 reponamus
1004 3119 1104 3186 illum
1129 3118 1227 3185 intus
1242 3118 1357 3203 ipsum
1383 3114 1574 3184 cellarium
1599 3117 1636 3182 et
1651 3115 1728 3204 ipsa
1751 3119 1854 3205 parte
1877 3117 1974 3184 illius
1996 3117 2039 3184 de
2054 3116 2130 3204 ipso

273 3269 357 3337 vino
382 3289 446 3356 per
470 3289 604 3338 annum
627 3273 767 3338 salvum
791 3271 881 3338 illud
905 3271 955 3339 ibi
978 3275 1158 3358 portemus
1189 3273 1225 3338 et
1248 3273 1388 3338 salvum
1413 3270 1506 3338 illud
1529 3271 1713 3338 mittamus
1747 3269 1844 3337 intus
1877 3270 1991 3357 ipsum
2026 3289 2132 3356 orga-

274 3443 393 3492 neum.
435 3427 480 3492 ut
502 3425 545 3492 de
569 3425 662 3512 quod
684 3425 808 3492 amodo
832 3427 868 3491 et
891 3444 1030 3512 semper
1053 3426 1091 3493 in
1114 3425 1192 3512 ipsa
1217 3425 1410 3494 traditione
1447 3425 1770 3504 seminaberimus,
1804 3427 1926 3495 deuius
1960 3426 2043 3495 inde
2066 3446 2130 3515 per

272 3599 377 3648 omne
402 3599 538 3648 annum
562 3580 608 3648 ad
631 3583 770 3666 partem
794 3581 945 3667 predicti
968 3581 1240 3669 archiepiscopii
1264 3583 1506 3660 terraticum,
1543 3557 1737 3648 secundum
1771 3584 1985 3651 consuetudo
2020 3581 2131 3668 ipsius

273 3734 376 3812 loci,
402 3755 506 3820 poma
528 3738 564 3801 et
587 3734 755 3822 quicquid
779 3736 892 3803 alium
920 3735 1077 3803 srudium
1101 3736 1149 3803 ibi
1173 3735 1362 3803 habuerit.
1400 3755 1465 3821 per
1488 3737 1649 3840 tempore
1669 3736 1759 3804 illud
1783 3737 1921 3803 salvum
1945 3735 2129 3812 iaciamus,

273 3893 309 3956 et
331 3890 496 3956 inclitam
521 3887 745 3976 medietatem
771 3887 902 3956 exinde
925 3887 1047 3956 demus
1063 3888 1108 3956 ad
1125 3893 1263 3975 partem
1287 3889 1439 3976 predicti
1464 3889 1755 3978 archiepiscopii,
1780 3893 1816 3956 et
1831 3891 2057 3960 medietatem
2072 3911 2133 3960 no-

275 4043 328 4110 bis
354 4045 566 4110 habeamus.
593 4043 738 4110 Missum
762 4043 805 4110 de
828 4047 967 4129 partem
990 4042 1142 4129 predicti
1158 4043 1443 4130 archiepiscopii,
1464 4045 1547 4112 dum
1564 4065 1628 4132 per
1650 4049 1808 4132 tempore
1831 4065 1895 4133 pro
1910 4046 1988 4132 ipsa
2011 4046 2130 4134 fragia

275 4197 524 4285 recipiendum
549 4198 599 4264 ibi
623 4197 815 4273 steterint,
842 4215 1008 4264 roseum
1034 4195 1245 4271 nutriamus,
1270 4196 1466 4262 secundum
1492 4199 1649 4262 nostram
1673 4197 1973 4283 possibilitatem,
1998 4201 2035 4264 et
2057 4201 2133 4286 pal-

274 4354 487 4419 mentateca
509 4369 612 4419 omne
636 4369 769 4418 annum
804 4370 868 4438 per
902 4351 976 4437 ipse
1010 4349 1186 4416 vindemie
1211 4351 1243 4420 ei
1267 4350 1416 4426 densus,
1456 4351 1549 4417 sicut
1571 4354 1625 4419 est
1655 4353 1881 4420 consuetudo.
1922 4355 1966 4419 Et
1988 4355 2129 4442 quando

274 4508 417 4591 partem
440 4504 592 4592 predicti
616 4505 890 4592 archiepiscopii
914 4506 1068 4573 voluerit
1091 4505 1275 4592 requirere
1300 4504 1377 4592 ipsa
1400 4505 1604 4583 traditione,
1629 4507 1659 4573 si
1683 4507 1733 4574 sic
1762 4510 1855 4575 esset
1876 4510 2066 4588 laborata,
2092 4515 2129 4578 et

273 4663 412 4738 surta,
454 4664 490 4726 et
511 4664 686 4747 operata,
723 4661 815 4728 sicut
849 4679 959 4746 supra
993 4661 1154 4745 legitur,
1194 4663 1404 4748 potestatem
1443 4663 1597 4737 habeat,
1623 4667 1659 4727 et
1681 4681 1746 4748 ego
1781 4665 1817 4728 et
1852 4682 1946 4730 meos
1981 4663 2128 4732 heredes

275 4811 359 4882 inde
383 4814 421 4882 ei
442 4815 618 4882 rationem
642 4815 843 4890 reddamus,
868 4814 961 4891 sicut
983 4814 1096 4881 decet.
1122 4817 1167 4880 Et
1189 4833 1252 4900 per
1275 4815 1570 4882 convenientiam
1594 4816 1669 4902 ipse
1692 4816 1875 4903 iaquintus
1908 4837 1972 4904 per
2006 4819 2128 4887 iussio·

276 4986 354 5036 nem
378 4970 494 5056 ipsius
517 4969 636 5036 domni
659 4967 896 5056 archipresuli
919 4968 1090 5054 guadiam
1114 4967 1223 5035 michi
1246 4941 1343 5035 dedit
1366 4971 1402 5035 et
1417 4969 1658 5037 fideiussorem
1683 4970 1792 5037 michi
1807 4972 1923 5057 posuit
1938 4972 2126 5041 landonem
2219 5057 2222 5064 1

280 5124 397 5192 fllium
421 5123 600 5210 quondam
624 5125 717 5210 petri
741 5125 876 5201 clerici,
901 5127 938 5190 et
960 5143 1024 5211 per
1047 5127 1160 5211 ipsam
1184 5125 1352 5210 guadiam
1377 5125 1452 5211 ipse
1477 5127 1626 5193 domnus
1649 5128 1874 5215 archipresul
1895 5129 2069 5216 obligavit
2090 5149 2128 5198 se

279 5291 314 5346 et
339 5298 419 5347 suos
443 5298 665 5348 successores
689 5283 725 5346 et
746 5283 884 5366 partem
908 5281 1059 5367 predicti
1083 5281 1379 5369 archiepiscopii,
1420 5281 1544 5348 amodo
1568 5285 1604 5348 et
1626 5301 1765 5370 semper
1808 5283 1997 5352 defendere
2020 5286 2128 5354 michi

280 5435 416 5518 meique
441 5432 630 5500 heredibus
653 5432 833 5519 integram
857 5435 1137 5520 suprascriptam
1162 5435 1393 5503 traditionem
1417 5454 1501 5502 cum
1526 5435 1602 5503 vice
1637 5438 1680 5504 de
1704 5437 1782 5524 ipsa
1806 5438 1865 5504 via
1899 5441 1945 5506 ab
1967 5441 2129 5508 omnibus

281 5587 491 5665 hominibus,
516 5591 553 5655 et
576 5607 645 5655 non
670 5589 752 5656 illut
775 5589 875 5656 nobis
898 5589 1024 5656 tollere
1048 5593 1187 5676 querat.
1213 5592 1377 5666 Tantum,
1403 5592 1510 5677 quale
1534 5569 1691 5679 tempore
1707 5591 1784 5677 ipsa
1801 5592 1991 5659 traditione
2007 5593 2128 5661 tenere

282 5743 316 5806 et
336 5741 513 5810 laborare
537 5741 767 5820 noluerimus,
793 5744 876 5809 tunc
900 5745 975 5809 tota
997 5743 1172 5819 laborata,
1196 5747 1309 5820 surta,
1334 5747 1482 5830 operata
1506 5747 1608 5822 bona,
1634 5745 1727 5813 unde
1751 5746 1934 5824 meruerit,
1960 5749 2059 5815 clusa
2083 5749 2127 5816 ad
