5372 7106
627 501 678 576 12
1288 495 1710 577 DAMIGERON

574 703 702 771 nnntIo
726 703 815 770 haec
839 719 950 788 usque
974 701 1020 768 ad
1043 701 1168 769 horam
1192 701 1344 769 sextam.
1371 701 1421 785 (1)
1438 697 1595 766 Primam
1618 698 1739 765 lunam
1763 698 1860 766 valet
1881 716 1946 784 per
1972 698 2084 764 totum
2108 695 2200 764 diem
2224 695 2261 762 et
2284 692 2426 781 quinta·

570 854 710 924 decima
733 853 914 922 similiter.
940 853 1166 922 decrescente
1191 857 1311 922 autem
1333 853 1421 920 luna
1445 854 1528 920 ante
1551 851 1637 920 solis
1659 855 1778 920 ortum
1801 851 1911 928 valet,
1931 850 2107 938 Incipitur
2124 851 2243 917 autem
2260 849 2310 933 (2)
2332 845 2425 935 lapis

569 1009 636 1075 lete
663 1008 707 1075 de
730 1009 851 1076 oculos
876 1007 1066 1076 testudinis
1090 1005 1230 1074 indicis.
1248 1006 1284 1074 Si
1299 1005 1353 1074 vis
1369 1025 1455 1093 ergo
1477 1005 1570 1074 scire
1585 1008 1653 1075 hoc
1669 1025 1793 1074 verum
1809 1024 1884 1074 esse
1900 1005 2014 1092 ipsum
2031 1003 2198 1092 lapidem.
2218 1022 2300 1071 nam
2315 1021 2424 1090 supra

570 1160 771 1230 turibulum
795 1159 869 1228 tria
892 1161 1006 1268 mittis
1029 1161 1223 1230 candentes
1245 1165 1414 1230 carbones
1437 1163 1475 1228 et
1499 1163 1683 1230 incensum
1715 1159 1942 1228 sacrificabis.
1968 1162 2005 1226 et
2029 1158 2236 1246 superponis
2270 1156 2422 1244 lapidem

569 1317 676 1384 istum
701 1316 880 1385 confidens
904 1316 954 1400 (3)
979 1315 1092 1384 nichil
1116 1315 1212 1384 enim
1235 1314 1377 1384 omnino
1400 1315 1545 1384 leditur.

561 1524 564 1530 .
614 1469 720 1558 Lapis
744 1469 947 1538 ceraunius.
973 1469 1170 1538 Ceraunius
1193 1469 1260 1537 iste
1283 1469 1376 1556 lapis
1400 1487 1506 1556 quem
1530 1467 1676 1556 Egyptii
1700 1467 1894 1553 smaragdo
1924 1470 2063 1534 vocant.
2094 1466 2277 1537 Invenitur
2304 1469 2420 1536 autem

569 1625 607 1693 in
630 1624 704 1692 illis
727 1623 815 1692 locis
840 1624 901 1692 ubi
922 1623 1081 1692 fluminis
1107 1625 1198 1710 [(sa‘c)
1223 1616 1448 1709 l.‘sulminis]
1469 1621 1608 1707 J'actum
1631 1621 1693 1690 sit.
1719 1625 1888 1690 narratur
1912 1624 2032 1690 autem
2056 1641 2102 1690 ex
2123 1623 2337 1691 contritione
2357 1643 2423 1690 nu·

569 1779 668 1848 blum
693 1779 788 1845 inter
804 1797 842 1845 se
866 1779 944 1846 fleri
961 1786 997 1848 et
1013 1798 1077 1866 pro
1093 1780 1185 1846 hano
1208 1797 1349 1845 causam
1373 1779 1439 1844 hoc
1464 1795 1593 1845 nomen
1616 1776 1762 1845 meruit.
1789 1783 1890 1844 Hunc
1905 1775 1937 1843 si
1957 1775 2037 1863 quis
2059 1793 2138 1842 eum
2161 1794 2242 1842 cnm
2257 1776 2422 1844 castitate

565 1933 689 2017 portat
714 1951 907 2018 numquam
931 1953 950 1996 a
973 1932 1122 2000 fulmine
1145 1931 1309 2000 ferietur.
1337 1947 1450 2018 neque
1474 1929 1607 1998 domus.
1633 1948 1750 2018 neque
1773 1929 1862 1998 villa
1885 1929 1924 1996 in
1947 1949 2019 2016 qua
2042 1929 2165 1996 fuerit.
2199 1931 2367 1998 Preterea
2389 1929 2421 1998 si

565 2083 741 2152 habuerit
762 2104 842 2153 eum
867 2087 999 2173 aliquis
1023 2087 1200 2174 navigans
1225 2105 1295 2154 non
1318 2081 1583 2172 periclitabitur
1606 2103 1671 2174 per
1693 2087 1825 2153 fiumen
1850 2085 1942 2172 [(sa‘c)
1959 2087 1986 2150 l.
2009 2083 2158 2170 fulmen]
2183 2086 2247 2152 aut
2268 2103 2332 2172 per
2347 2085 2423 2151 tur-

567 2236 700 2306 binem.
727 2240 960 2328 Ampliusque
983 2241 1029 2308 ad
1052 2260 1191 2308 omnem
1217 2241 1404 2308 victoriam
1421 2242 1458 2306 et
1472 2241 1668 2308 certamen.
1686 2237 1748 2326 qui
1763 2239 1884 2324 portat
1898 2255 1979 2304 eum
1998 2237 2211 2324 exuperauit
2227 2238 2266 2304 in
2282 2255 2421 2304 omnem

566 2409 656 2460 rem.
683 2392 750 2461 Sed
773 2395 811 2460 et
833 2396 1003 2462 horacula
1026 2395 1089 2462 dat
1110 2393 1332 2462 obsecrantis
1354 2393 1394 2460 in
1416 2394 1547 2461 somnis
1570 2397 1663 2462 bona
1695 2393 1843 2462 somnia.
1878 2394 1991 2460 Tanta
2013 2395 2067 2462 est
2095 2392 2209 2459 virtus
2232 2392 2340 2478 hujus
2363 2413 2423 2462 ce-

565 2543 688 2610 raunii
713 2543 855 2629 lapidis,

617 2697 723 2782 Lapis
747 2697 932 2783 hyaspide.
957 2696 1113 2784 Yaspide
1137 2697 1255 2764 autem
1279 2697 1372 2784 lapis
1388 2697 1511 2766 multis
1534 2699 1622 2765 locis
1640 2697 1802 2766 nascitur
1813 2699 1850 2764 et
1865 2697 2055 2764 multorum
2077 2701 2234 2766 colorum
2257 2701 2324 2768 est.
2340 2701 2424 2769 Om-

535 2928 538 2933 .
562 2847 666 2914 nium
690 2851 811 2915 autem
835 2848 989 2935 optimus
1012 2852 1049 2916 et
1073 2848 1314 2918 validissimus
1337 2849 1376 2916 in
1412 2851 1529 2918 colore
1552 2851 1606 2918 est
1639 2849 1895 2918 lucidissimus.
1926 2851 2105 2938 perlectus
2139 2853 2194 2919 est
2223 2853 2346 2920 tamen
2370 2854 2422 2940 (4)

566 3003 796 3068 consecratus
820 3004 857 3068 et
880 3005 977 3070 caste
1002 3005 1173 3088 portatus.
1201 3005 1269 3068 Iste
1293 3002 1386 3088 lapis
1420 3001 1587 3070 imbrium
1622 3003 1715 3070 enim
1740 3007 1799 3071 est
1823 3005 2001 3090 perfectus
2023 3007 2060 3072 et
2082 3005 2266 3072 invocatus
2289 3005 2422 3075 imbres

564 3153 656 3222 facit
675 3155 736 3242 (5).

611 3305 717 3392 Lapis
740 3309 896 3394 saphiro.
922 3309 1072 3396 Saphiro
1095 3328 1178 3377 vero
1203 3311 1295 3396 lapis
1318 3311 1572 3380 honorificatus
1588 3318 1642 3379 est
1658 3314 1888 3380 vehementer
1904 3331 1927 3380 a
1942 3315 2022 3381 Deo.
2040 3315 2177 3380 Dicitur
2193 3301 2313 3382 aute'm
2331 3321 2424 3402 aput

564 3459 737 3545 quosdam
761 3458 952 3528 ormiscum
976 3461 1036 3548 (6).
1062 3469 1162 3529 Hunc
1187 3461 1340 3550 lapidem
1364 3465 1480 3532 solent
1502 3481 1604 3551 reges
1628 3466 1772 3551 gestare
1795 3465 1893 3532 circa
1915 3465 2074 3534 cervices
2097 3467 2294 3536 maximum
2317 3470 2420 3536 enim

563 3613 620 3678 est
642 3612 892 3681 tutamentum.
920 3617 1034 3683 Habet
1058 3618 1176 3684 autem
1201 3617 1296 3684 vires
1320 3636 1372 3684 as.
1402 3618 1613 3685 inviolatum
1640 3621 1686 3686 ab
1710 3617 1806 3686 omni
1828 3619 1943 3688 libore
1968 3624 2161 3689 conservat
2183 3623 2360 3689 hominem
2384 3625 2427 3690 et

562 3762 754 3832 amabilem
778 3765 844 3832 deo
866 3765 988 3832 efficit.
1014 3767 1051 3834 et
1075 3784 1227 3852 corpora
1250 3769 1398 3854 praebet
1432 3767 1575 3855 integra
1596 3772 1634 3838 et
1658 3771 1741 3838 boni
1764 3771 1893 3840 caloris
1933 3771 1995 3860 (7).
2020 3776 2057 3841 et
2078 3773 2244 3842 sudorem
2267 3775 2425 3842 multum

569 3915 737 3983 liuentem
763 3915 1034 4002 circumligatus
1058 3916 1271 4002 compescit.
1298 3919 1344 3984 Et
1366 3919 1531 3988 ardorem
1554 3942 1693 3991 omnem
1716 3924 1901 3996 interioris
1924 3927 2037 4014 partis
2063 3922 2203 3995 amobet
2224 3930 2271 3996 ab
2293 3948 2334 3997 eo
2357 3929 2428 4018 qui

568 4085 651 4133 eum
677 4069 808 4154 portat.
834 4068 1003 4135 Preterea
1026 4067 1072 4136 ad
1096 4071 1218 4136 vetera
1244 4070 1366 4138 ulcera
1389 4075 1563 4142 contritus
1586 4093 1666 4142 cum
1690 4078 1784 4145 lacte
1806 4081 1844 4147 et
1865 4081 2129 4166 superpositum
2154 4099 2324 4167 magnum
2347 4101 2431 4150 me-

605 4471 653 4552 (l)
675 4471 710 4532 P.
739 4497 751 4529 ι
775 4477 868 4534 antea
891 4473 1016 4554 (melle)
1039 4491 1073 4534 oe
1095 4473 1193 4535 dilue.
1216 4473 1305 4536 Valet
1325 4493 1403 4556 prae
1424 4480 1535 4540 nuntio
1556 4497 1593 4541 eo
1615 4499 1715 4560 usque
1737 4481 1776 4543 ad
1791 4483 1901 4544 horam
1922 4489 2043 4546 sextam
2063 4511 2074 4544 ι
2093 4487 2130 4547 A.
2155 4487 2207 4548 nei
2229 4493 2341 4550 testor
2366 4509 2434 4552 an-

560 4622 614 4681 tea
636 4635 672 4681 os
694 4617 791 4678 dilue.
819 4616 908 4678 Valet
922 4619 1110 4700 praenuntio
1124 4639 1161 4682 eo
1177 4639 1278 4700 usque
1299 4621 1338 4682 ad
1360 4621 1471 4685 horam
1486 4595 1620 4689 sextam.
1641 4626 1763 4688 «Nolle
1785 4634 1871 4692 nota:
1891 4653 1902 4684 ι
1922 4631 2110 4711 praenuntio
2131 4651 2187 4712 pro
2201 4633 2436 4717 προγνωστικῶ

563 4761 687 4825 dictum
702 4781 784 4826 esse.
803 4784 815 4818 r

605 4906 654 4988 (2)
678 4908 717 4970 A.
744 4933 756 4965 ι
779 4905 947 4969 Exciditur
968 4911 1086 4968 autem.
1113 4932 1125 4964 ι

607 5049 656 5130 (3)
680 5050 716 5112 Ρ.
740 5072 757 5112 e
778 5053 816 5114 A.
844 5077 856 5110 ι
881 5053 1088 5114 confundens.
1115 5077 1126 5108 ι
1153 5006 1155 5013 ·

607 5191 651 5271 (4)
675 5193 710 5251 P.
735 5209 753 5253 e
775 5195 814 5253 A.
841 5217 852 5252 ι
876 5196 1036 5275 perfectus
1058 5203 1106 5257 est
1127 5199 1262 5256 tanturn.
1288 5219 1300 5252 ι

604 5335 653 5417 (5)
676 5335 712 5399 Ρ.
738 5356 755 5400 e
778 5339 815 5400 A.
843 5362 856 5396 r
879 5339 1036 5400 imbrium
1057 5343 1106 5402 est
1126 5341 1285 5420 perfector
1302 5365 1313 5396 r
1332 5345 1384 5404 nel
1404 5349 1497 5406 testo.
1522 5346 1613 5406 Nella
1634 5353 1708 5408 nota
1728 5349 1780 5428 poi
1802 5350 1837 5412 P.
1861 5350 1943 5412 dice:
1970 5327 2132 5415 «Bresior
2152 5357 2286 5418 caeteris
2302 5359 2446 5422 articu-

564 5481 627 5551 lus,
650 5481 707 5543 sed
728 5481 891 5561 augendus
913 5503 931 5544 a
953 5485 1108 5546 consimili
1129 5491 1189 5547 art.
1214 5487 1342 5556 xxm..
1365 5489 1421 5548 ubi
1446 5489 1513 5550 vide
1536 5491 1632 5552 Plinii
1653 5496 1685 5552 et
1707 5492 1820 5554 Isidori
1842 5513 2019 5561 censuram.
2046 5521 2057 5552 ι

605 5623 654 5705 (6)
678 5625 714 5687 P.
739 5645 756 5686 e
779 5627 816 5687 A.
845 5629 1064 5690 «ormiseum.
1091 5653 1102 5685 ι

602 5769 651 5850 (7)
674 5769 710 5833 P.
735 5767 813 5833 e'A.
841 5797 852 5830 ι
876 5790 1008 5854 corpora
1028 5776 1160 5854 praebet
1181 5777 1317 5853 integra,
1341 5781 1373 5836 et
1393 5777 1466 5838 boni
1489 5777 1611 5839 colorIs.
1639 5802 1650 5835 ι
