5398 7106
633 505 700 582 l88
1289 504 1466 580 cobux
1495 505 1755 577 culeusls

579 704 785 770 costitutum
810 703 918 769 liceat
941 721 996 770 me
1020 705 1057 769 et
1080 721 1174 770 meos
1197 703 1373 780 heredes,
1399 706 1437 768 et
1458 700 1595 768 omines
1618 700 1710 786 quod
1734 699 1780 766 ad
1804 697 2030 767 residendum
2057 696 2185 764 ibidem
2211 696 2427 772 miserimus,

579 854 661 922 inde
685 853 787 921 exire
811 872 890 921 cum
915 873 1056 922 omnem
1080 856 1200 922 nostra
1223 871 1332 926 causa
1356 838 1502 922 mobilia
1525 857 1562 920 et
1584 873 1665 921 cum
1689 852 1880 922 medietate
1916 851 2031 920 omnis
2054 819 2238 938 lignamen
2277 851 2321 918 de
2355 850 2434 938 ipsa
2485 883 2491 894 .

579 1026 675 1084 casa,
701 1008 757 1076 vel
780 1007 823 1074 de
849 1005 923 1094 ipso
946 1007 1135 1094 porticum,
1160 1007 1191 1077 si
1214 1008 1298 1076 illut
1321 1007 1371 1076 ibi
1395 1005 1596 1086 fecerimus,
1621 1009 1658 1075 et
1681 1026 1762 1075 cum
1786 1006 1978 1075 medietate
2000 1005 2133 1094 parieti
2157 1004 2292 1082 fabrili,
2316 1005 2347 1071 si
2371 1005 2433 1072 illi

578 1162 627 1230 ibi
652 1161 967 1239 fabricaverimus,
993 1165 1029 1229 ei
1053 1181 1245 1250 pergamus
1270 1163 1336 1234 ubi.
1353 1163 1598 1239 voluerimus3
1625 1166 1662 1229 et
1684 1162 1811 1231 inclita
1833 1161 1912 1249 ipsa
1935 1163 2035 1230 terra
2058 1162 2095 1228 et
2118 1161 2195 1247 ipsa
2219 1159 2370 1237 andita,
2398 1163 2435 1224 ct

576 1337 658 1385 cum
682 1313 874 1384 medietate
898 1319 1082 1405 lignamen
1105 1317 1148 1384 de
1171 1318 1250 1405 ipsa
1272 1336 1356 1385 casa
1377 1321 1414 1385 et
1438 1319 1481 1384 de
1507 1318 1583 1405 ipso
1607 1317 1808 1404 porticum,
1834 1316 1936 1384 etde
1960 1315 2099 1402 pariete
2123 1314 2271 1390 fabrili,
2295 1316 2326 1382 si
2351 1314 2435 1380 illut

576 1469 625 1538 ibi
650 1471 851 1546 fecerimus,
867 1473 1031 1538 rebertar
1053 1471 1092 1537 in
1115 1489 1200 1557 pars
1223 1471 1333 1557 ipsius
1357 1469 1504 1537 ecclesie
1520 1467 1686 1536 conciata
1709 1468 1788 1555 ipsa
1811 1465 2001 1536 medietate
2025 1469 2069 1536 de
2085 1468 2164 1555 ipsa
2187 1487 2272 1536 casa
2287 1471 2433 1556 coperia

575 1627 612 1692 ot
635 1626 736 1692 clusa
761 1628 851 1693 bona
875 1625 1077 1693 laciendum
1103 1625 1186 1693 inde
1210 1624 1303 1712 quod
1329 1624 1518 1692 voluerint.
1544 1625 1665 1701 Etsi,
1691 1624 1784 1691 sicut
1808 1623 1972 1710 superius
1995 1622 2158 1710 legitur,
2184 1623 2259 1709 ipse
2282 1622 2430 1690 domnus

576 1783 686 1850 abbas
709 1782 746 1846 et
768 1796 990 1847 successores
1013 1773 1107 1854 suo's,
1134 1780 1170 1844 et
1192 1797 1276 1864 pars
1300 1779 1410 1865 ipsius
1434 1778 1584 1846 ecclesie
1607 1781 1707 1846 nobis
1731 1797 1802 1845 non
1826 1777 2102 1864 adimpleverint,
2128 1781 2165 1844 et
2187 1776 2432 1863 suprascripta

576 1935 633 2000 vel
657 1952 702 2000 ex
726 1933 777 2000 eis
801 1931 991 2020 quicquam
1017 1949 1198 1998 removere
1214 1933 1277 1998 aut
1292 1931 1537 1999 contradicere
1561 1931 1829 2019 presumserint,
1846 1949 1911 2018 per
1934 1931 2050 2018 ipsam
2073 1931 2243 2016 guadiam
2259 1930 2433 2016 obligavit

575 2105 613 2154 se
637 2087 710 2173 ipse
735 2087 883 2154 domnus
906 2089 1015 2155 abbas
1038 2088 1075 2152 et
1097 2105 1314 2154 successores
1337 2105 1418 2154 suos
1442 2089 1478 2154 et
1501 2105 1585 2172 pars
1608 2086 1718 2173 ipsius
1756 2085 1903 2184 ecclesie
1926 2103 2136 2172 componere
2160 2086 2258 2154 nobis
2282 2085 2431 2154 nostris-

577 2260 644 2328 que
669 2241 858 2308 heredibus
894 2239 1157 2326 quinquaginta
1180 2239 1261 2306 auri
1285 2239 1413 2306 solidos
1437 2239 1757 2307 constantinianos.
1783 2239 1838 2305 Sic
1868 2241 2018 2315 tamem
2053 2239 2085 2306 si
2108 2239 2186 2326 ipsa
2210 2239 2333 2306 nostra
2358 2257 2430 2304 me-

575 2393 709 2464 dietate
732 2394 775 2461 de
800 2395 877 2479 ipsa
900 2393 1100 2478 lignamina
1123 2394 1160 2457 et
1183 2392 1226 2459 de
1251 2395 1327 2476 ipsa
1350 2393 1488 2460 fabrica
1512 2393 1732 2462 bindituram
1755 2393 1986 2461 habuerimus
2011 2393 2049 2460 in
2073 2411 2154 2479 pars
2179 2392 2291 2479 ipsius
2315 2394 2431 2462 eccle-

575 2547 638 2622 sie,
664 2546 747 2612 illut
772 2545 958 2613 bindamus
982 2543 1027 2610 ad
1054 2542 1146 2610 iusto
1172 2542 1352 2628 pretium;
1394 2545 1431 2609 et
1453 2544 1483 2610 si
1509 2563 1593 2631 pars
1616 2545 1727 2632 ipsius
1750 2548 1901 2615 ecclesie
1940 2547 2023 2614 illut
2046 2565 2164 2614 emere
2202 2547 2357 2615 noluerit
2379 2549 2424 2615 ad

575 2699 667 2766 iusto
691 2698 858 2785 pretium,
876 2694 983 2764 liceat
1007 2716 1070 2766 nos
1093 2697 1179 2764 illut
1202 2696 1289 2764 dare
1313 2696 1371 2762 cui
1389 2696 1618 2766 boluerimus
1644 2701 1733 2767 Nam
1757 2703 1787 2767 si
1811 2701 1895 2767 illut
1910 2683 2111 2768 dederimus
2125 2701 2202 2768 sine
2218 2701 2427 2768 solutionem

575 2853 687 2938 ipsius
710 2852 871 2928 ecclesie,
889 2855 974 2918 tunc
998 2851 1076 2918 sine
1100 2850 1252 2937 pretium
1279 2854 1441 2918 reberter
1462 2852 1502 2918 in
1526 2871 1610 2938 pars
1634 2853 1745 2939 ipsius
1768 2857 1917 2922 ecclesie
1940 2854 2140 2922 iaciendum
2157 2855 2239 2922 inde
2263 2855 2355 2942 quod
2371 2874 2432 2921 vo-

578 3006 703 3074 luerit.
733 3009 831 3073 Inter
854 3006 1084 3092 suprascripti
1109 3006 1264 3092 virgulis
1288 3005 1388 3072 dicit:
1414 3006 1656 3082 traditionem,
1682 3011 1718 3072 et
1741 3007 1778 3074 in
1801 3008 1872 3075 alio
1896 3010 1971 3076 loco
1994 3007 2136 3084 dicitur,
2161 3025 2283 3094 usque.
2327 3007 2420 3094 quod

580 3159 708 3247 scripsi
733 3177 799 3245 ego
823 3164 945 3244 petrus
970 3158 1143 3226 notarius.

620 3313 648 3404 †
672 3315 746 3399 Ego
770 3311 934 3379 alderissi
960 3311 1120 3378 notarius
1144 3331 1199 3378 me
1221 3311 1428 3398 subscripsi.

619 3465 647 3556 †
673 3467 746 3552 Ego
771 3465 972 3532 romoaldus
997 3465 1158 3532 notarius
1182 3484 1238 3531 me
1262 3465 1467 3552 subscripsi.

620 3617 647 3704 †
673 3621 747 3704 Ego
773 3619 929 3686 Alterius
954 3618 1156 3686 nominatus
1179 3619 1347 3686 diaconus
1371 3621 1652 3708 archipresbiter
1675 3625 1711 3688 ct
1734 3625 1856 3692 abbae.

619 3771 653 3862 qi¹
672 3775 745 3860 Ego
769 3777 893 3858 petrus
917 3774 1094 3858 presbiter
1117 3777 1152 3838 et
1175 3769 1446 3859 primiclericus.

621 3923 648 4016 †
672 3928 746 4010 Ego
770 3925 955 4011 pulcarius
979 3927 1041 4012 qui
1066 3944 1175 4011 supra
1199 3927 1379 3995 diaconus.
1505 3931 1520 3948 ⁸

1357 4273 1641 4357 MCLXXI
1701 4218 1705 4235 ’

1277 4501 1287 4530 .
1348 4489 1407 4563 Α.
1435 4487 1492 4561 n.
1520 4489 1643 4563 1052

628 4720 929 4802 Trcamuuptum,
1037 4777 1077 4792 ,,
1164 4705 1170 4714 ’

621 4872 724 4937 Anno
749 4871 797 4936 Xl
821 4869 1048 4960 Principatus
1072 4873 1205 4950 Gisulfl,
1231 4876 1349 4941 Mense
1375 4877 1581 4961 Septembri,
1607 4877 1656 4944 Vl
1681 4877 1887 4947 Indictione.
1915 4882 2201 4974 Memoratorium
2225 4885 2359 4956 iactum
2383 4891 2427 4956 ab

580 5023 716 5091 Allerio
741 5025 877 5092 Abbate
902 5027 935 5092 S.
962 5029 1111 5094 Maximi
1128 5029 1338 5106 Salerni,de
1363 5029 1577 5097 tradictione
1599 5033 1720 5100 terrae
1745 5054 1826 5101 cum
1849 5054 1934 5103 casa
1956 5035 2102 5123 lignitia
2117 5040 2287 5108 terranea
2310 5046 2347 5109 ct
2362 5043 2427 5110 ali-

577 5179 722 5264 quantis
746 5178 852 5245 terris
877 5179 998 5246 vacuis
1021 5181 1060 5246 in
1083 5181 1311 5266 pertinentiis
1335 5183 1499 5260 Salerni,
1541 5186 1637 5252 sacta
1673 5205 1738 5273 per
1761 5191 1884 5256 Letum
1909 5194 2158 5278 presbyterum
2182 5195 2295 5264 fllium
2320 5217 2429 5284 quon·

579 5332 661 5399 dam
688 5333 852 5400 Iohannis
875 5334 1088 5420 presbyteri,
1114 5336 1221 5403 Leoni
1244 5341 1448 5423 presbytero
1471 5339 1543 5408 filio
1567 5343 1744 5427 quondam
1769 5347 1934 5413 Iohannis
1958 5339 2186 5435 presbyteri,
2213 5361 2276 5438 pro
2301 5359 2426 5424 tareno

577 5508 645 5555 uno
670 5491 706 5555 et
730 5490 838 5556 tertia
861 5493 965 5576 parte
988 5489 1143 5558 eiusdem
1168 5493 1302 5560 annali.
1343 5495 1482 5563 Statuta
1506 5496 1641 5564 mulcta
1665 5499 1923 5586 quinquaginta
1946 5507 2026 5570 auri
2052 5504 2242 5576 solidorum
2268 5513 2430 5578 constan·

576 5641 808 5710 tinianorum.
835 5645 963 5712 Petrus
988 5646 1150 5714 notarius
1173 5647 1328 5734 scripsit.

621 5797 649 5887 †
674 5801 747 5885 Ego
772 5798 945 5867 lllderissi
970 5801 1131 5868 notarius
1154 5821 1210 5868 mc
1233 5803 1436 5872 subscribsi.
