5372 7106
987 517 1399 594 ulltollnllclls
1996 511 2078 596 303Ι

259 707 453 780 voluerint.
479 713 524 778 nt
546 713 692 810 propter
714 709 1018 782 confirmationem
1044 713 1123 781 6166
1145 709 1374 790 1666116616,
1413 713 1605 783 secundum
1630 715 1748 801 legem
1770 713 2113 801 languebardorum,

258 865 1009 956 1666661116616666111616661616616166
1046 866 1289 954 suprascripto
1329 867 1455 936 annito
1477 887 1666 956 grosenam
1701 888 1810 938 unam
1848 869 1887 938 in
1910 871 2006 939 omni
2029 870 2118 940 deli·

259 1018 470 1096 venatione,
510 1019 604 1088 sicut
626 1019 722 1088 inter
745 1019 828 1088 illas
851 1018 1028 1088 66666611.
1055 1019 1100 1086 lit
1122 1037 1187 1105 per
1209 1017 1492 1087 convenientiam
1531 1019 1607 1106 ipse
1645 1019 1828 1108 iaquintus
1853 1021 2024 1108 guadiam
2048 1022 2115 1110 ipsi

256 1169 383 1237 annito
405 1166 531 1246 dedit,
555 1172 593 1237 61
614 1169 853 1240 fideiussorem
877 1171 909 1239 ei
933 1171 1050 1258 posuit
1072 1172 1214 1256 petrum
1251 1171 1363 1238 illium
1402 1171 1580 1258 quondam
1603 1171 1723 1252 mari,
1759 1177 1820 1261 qui
1845 1176 2115 1262 cognominatus

257 1339 314 1392 661
335 1321 533 1410 66161666
566 1327 604 1391 61
625 1341 691 1412 666
713 1325 827 1412 ipsam
850 1286 1021 1410 guadiam
1044 1323 1220 1410 obligavit
1242 1340 1279 1390 66
1303 1327 1443 1392 616666
1478 1325 1627 1393 heredes
1664 1343 1805 1412 semper
1833 1327 2023 1396 defendere
2045 1328 2115 1414 ipsi

257 1475 396 1553 666116,
421 1479 459 1544 61
479 1478 557 1544 eius
580 1477 773 1546 heredibus
796 1478 977 1566 integrum
1000 1477 1095 1556 illut,
1113 1478 1206 1564 quod
1228 1477 1304 1564 1666
1327 1475 1511 1566 iaquintus
1534 1477 1651 1546 eidem
1674 1479 1798 1548 aunito
1823 1479 1969 1548 donavit
1987 1529 1995 1558 ,
2011 1461 2114 1549 ’61661

258 1615 545 1718 suprascriptum
567 1633 634 1708 cst,
661 1633 733 1700 hab
755 1632 918 1700 omnibus
942 1631 1170 1710 hominibus;
1208 1631 1343 1740 etipse
1366 1631 1550 1720 iaquintus
1572 1632 1726 1700 contulit
1763 1633 1832 1720 ipsi
1857 1633 1979 1702 auuito
2002 1635 2114 1703 licen·

258 1778 362 1856 tiam,
391 1783 431 1848 ut
453 1781 615 1869 quotiens
638 1784 714 1870 ipse
737 1783 882 1852 auditus
905 1786 943 1852 et
964 1783 1041 1853 eius
1064 1783 1213 1853 heredes
1236 1785 1382 1864 vellere,
1414 1789 1626 1872 potestatem
1649 1788 1808 1855 haveant
1832 1789 2112 1878 suprascriptam

255 1929 487 2001 donationem
510 1951 575 2021 666
597 1935 859 2021 suprascriptas
881 1935 967 2004 flues
989 1938 1027 2003 et
1048 1953 1234 2005 mensuras
1257 1956 1321 2024 per
1343 1957 1381 2006 66
1404 1938 1605 2016 defendere,
1639 1939 1795 2026 qualiter
1818 1941 2010 2020 voluerint,
2030 1962 2110 2010 cum

256 2087 422 2155 omnibus
444 2089 700 2158 muniminibus
723 2092 760 2157 et
783 2089 1008 2166 rationibus,
1048 2109 1135 2177 quas
1158 2091 1202 2158 16
1224 2109 1268 2160 66
1291 2089 1547 2161 hostenderint.
1572 2092 1668 2170 Quod
1691 2092 1723 2160 si
1747 2095 2029 2182 suprascriptam
2054 2097 2113 2165 do-

258 2239 452 2318 nationem,
476 2239 570 2309 61661
591 2243 877 2329 suprascriptum
901 2247 966 2320 est,
984 2243 1060 2331 ipse
1082 2243 1263 2332 iaquintus
1286 2246 1422 2313 eteius
1445 2245 1593 2314 heredes
1615 2245 1685 2333 ipsi
1701 2246 1824 2314 aunito
1848 2251 1885 2315 et
1909 2247 1985 2315 eius
2010 2251 2112 2319 here-

258 2394 363 2463 dibus
386 2395 577 2464 defendere
601 2396 745 2464 minime
768 2398 964 2484 potuerint,
997 2400 1082 2466 tunc
1107 2397 1147 2466 in
1170 2398 1413 2485 suprascripto
1436 2399 1764 2486 langnobardorum
1790 2403 1911 2487 legum
1932 2403 2113 2472 bedictum

260 2546 305 2616 de
333 2547 423 2616 dono
446 2552 483 2616 et
505 2550 689 2636 subscepto
713 2550 891 2636 launegilt
912 2550 1086 2637 scriptum
1109 2555 1190 2630 est,
1216 2549 1267 2619 eis
1290 2551 1522 2640 adimpleant.
1548 2553 1750 2640 lterumque
1775 2553 1852 2639 ipse
1875 2553 2021 2622 6661166
2047 2573 2111 2642 666

258 2702 548 2770 convenientiam
571 2702 745 2790 Apposuit
767 2706 805 2771 61
826 2701 1001 2790 obligavit
1023 2705 1188 2789 integras
1209 2703 1471 2790 suprascriptas
1494 2721 1551 2771 res
1575 2703 1644 2790 Ipsi
1667 2702 1831 2789 iaquinto
1868 2706 1907 2771 ln
1929 2723 1971 2772 oc
1993 2704 2113 2774 hordi-

258 2871 330 2938 ne,
357 2855 450 2924 6161
473 2853 632 2942 quoiivet
654 2856 812 2944 tempore
834 2855 910 2943 ipse
933 2855 1078 2925 6661166
1101 2856 1237 2924 eteius
1274 2854 1424 2924 heredes
1454 2855 1716 2943 suprascriptas
1741 2873 1824 2935 res,
1865 2857 1921 2924 vel
1944 2875 1991 2924 ex
2014 2857 2111 2944 ipsas

257 3029 324 3098 per
348 3010 543 3098 quemlivet
564 3011 707 3079 modum
730 3010 862 3089 daturi,
888 3014 953 3079 aut
975 3009 1166 3090 vendituri,
1191 3011 1255 3079 aut
1278 3009 1473 3079 alienaturi
1496 3009 1656 3088 suerint,
1694 3010 1763 3097 ipsi
1788 3013 1951 3099 laquinto
1974 3015 2011 3080 et
2036 3012 2113 3082 eius

257 3165 452 3234 heredibus
474 3165 557 3235 illut
579 3165 738 3234 vendant
759 3164 888 3234 solidos
911 3181 1038 3232 aureos
1060 3183 1151 3243 sex,
1177 3183 1328 3251 quorum
1352 3183 1533 3252 quousque
1557 3165 1678 3233 Abead
1701 3167 1845 3234 tarcum
1869 3168 1977 3238 bonos
2001 3167 2112 3253 quad·

259 3321 356 3398 tuor,
382 3319 500 3407 qualis
523 3319 597 3387 11116
619 3317 742 3386 diebus
764 3319 803 3386 16
826 3337 868 3386 66
892 3318 1038 3386 61611616
1060 3317 1204 3385 formati
1231 3317 1389 3395 suerint3
1429 3320 1466 3385 61
1488 3317 1623 3385 1661661
1645 3317 1761 3405 ipsum
1785 3317 1949 3406 iaquintu
1973 3322 2011 3387 61
2034 3319 2111 3387 6166

260 3472 411 3541 heredes
433 3471 464 3539 si
487 3488 525 3539 se
548 3490 613 3558 pro
636 3489 676 3539 eo
700 3469 874 3539 hemendo
897 3487 962 3558 per
985 3469 1132 3538 tertium
1155 3468 1386 3537 constitutum
1410 3485 1521 3555 usque
1544 3467 1620 3536 1166
1642 3466 1795 3554 triginta
1817 3487 1894 3547 aex,
1920 3470 1954 3535 et
1975 3466 2007 3536 61
2034 3471 2111 3555 1666

262 3625 448 3713 iaquintus
471 3623 606 3694 eteius
629 3623 778 3693 heredes
800 3621 897 3702 illut,
913 3621 1007 3691 sicut
1028 3639 1136 3710 snpra
1157 3623 1329 3708 scriptum
1353 3623 1419 3699 est,
1455 3620 1600 3708 abipso
1623 3619 1773 3690 haunito
1786 3622 1823 3688 et
1847 3624 1893 3689 ab
1915 3620 1992 3689 eius
2010 3622 2112 3690 here-

254 3780 365 3848 dibus
387 3780 530 3847 hemere
554 3777 759 3858 voluerint,
784 3777 887 3855 tunc,
912 3777 991 3863 post
1013 3778 1160 3863 accepta
1182 3775 1331 3843 licentia
1352 3775 1428 3861 ipse
1451 3773 1596 3843 6661166
1619 3778 1657 3844 61
1679 3774 1755 3844 6166
1793 3775 1943 3844 heredes
1965 3777 2111 3846 firment

257 3934 326 4025 ipsi
350 3933 513 4022 iaquinto
535 3932 668 4002 eteius
690 3931 881 4002 heredibus
903 3931 1165 4020 suprascriptas
1200 3948 1257 3998 res
1280 3949 1362 4016 cum
1385 3933 1461 3998 vice
1499 3929 1543 3998 16
1574 3928 1738 3999 61166616
1772 3933 1915 4000 6661616
1937 3931 2110 4001 66611116·

266 4087 332 4168 616,
357 4092 388 4159 A
410 4089 553 4179 puplico
575 4087 694 4158 scriba
715 4087 877 4175 scripta,
902 4106 982 4156 cum
1006 4087 1139 4174 ἰ666116
1162 4089 1199 4154 61
1222 4087 1345 4155 116666
1367 4085 1584 4166 fideiussore,
1613 4088 1651 4155 et
1673 4085 1774 4176 66616
1797 4087 2039 4174 obligationis,
2064 4089 2111 4157 61-

257 4247 320 4314 661
343 4247 404 4312 lex
428 4245 464 4311 61
487 4239 702 4311 consuetudo
725 4240 829 4309 161166
852 4239 1020 4309 616116116.
1061 4243 1149 4309 Nam
1173 4241 1204 4310 si
1227 4245 1306 4330 post
1326 4241 1405 4330 1666
1427 4241 1621 4310 6666111616
1644 4241 1719 4328 1666
1754 4243 1939 4332 iaquintus
1973 4249 2012 4314 et
2034 4223 2123 4314 eius*

257 4402 404 4470 heredes
427 4403 510 4470 illut
532 4405 604 4470 hab
626 4401 689 4479 616,
707 4401 801 4469 61661
822 4396 1101 4486 suprascriptum
1125 4402 1190 4475 est,
1230 4400 1374 4465 homere
1398 4399 1565 4476 noluerit,
1591 4399 1686 4465 Τ666
1710 4401 1789 4484 6661
1812 4399 1890 4486 1666
1912 4399 2108 4469 constituta

256 4559 331 4646 1666
355 4555 499 4624 6661166
523 4554 658 4622 616166
681 4553 829 4622 heredes
853 4551 1037 4618 licentiam
1060 4553 1191 4619 haveat
1229 4553 1313 4619 illut
1335 4553 1421 4621 dare
1444 4558 1502 4621 661
1541 4553 1705 4620 66166611.
1743 4555 1841 4630 Ν66,
1866 4553 1897 4620 61
1921 4557 2006 4622 6616
2031 4556 2110 4642 ipsa

254 4713 450 4780 constituta
472 4711 682 4797 cuicumque
705 4708 788 4775 illut
810 4709 867 4774 vel
890 4725 936 4774 ex
960 4707 1037 4793 ipsa
1061 4725 1124 4794 per
1148 4705 1341 4793 quemlivet
1378 4705 1519 4774 modum
1542 4705 1733 4785 dederint,
1775 4711 1839 4775 aut
1866 4708 2104 4787 vendiderint,

255 4870 321 4935 aut
344 4866 585 4936 alienaverint
606 4864 682 4932 sine
705 4862 879 4930 solutione
903 4861 1013 4947 ipsius
1038 4861 1192 4948 iaquinti
1216 4861 1446 4930 etheredum
1469 4861 1594 4940 116166,
1634 4862 1727 4930 61661
1757 4863 1801 4931 16
1824 4881 1948 4930 eorum
1966 4864 2109 4951 paread

260 5024 435 5110 potestate
458 5022 725 5096 substractum,
752 5016 936 5085 16666166
959 5015 1073 5103 pretio
1097 5015 1233 5083 616116
1260 5019 1435 5103 potestate
1459 5016 1570 5102 ipsius
1608 5017 1763 5104 iaquinti
1787 5019 1824 5084 61
1846 5016 1993 5084 eredum
2018 5018 2106 5091 eius.

254 5199 338 5248 cum
362 5179 438 5246 vice
461 5178 505 5246 de
528 5175 704 5252 61166616,
730 5173 783 5241 Ad
808 5172 1009 5240 faciendum
1032 5190 1078 5238 ex
1102 5189 1143 5236 eo
1166 5127 1241 5256 1666
1264 5170 1447 5256 iaquintus
1471 5169 1607 5236 616166
1645 5168 1820 5245 heredes,
1861 5169 1955 5255 quod
1991 5171 2110 5236 volue-

258 5333 344 5401 rint.
371 5334 415 5398 Et
437 5350 478 5398 oc
501 5327 665 5398 conbenit
687 5327 783 5394 inter
805 5324 890 5400 illis,
909 5327 950 5391 ut
971 5323 1002 5390 si
1027 5326 1102 5410 lpse
1126 5323 1270 5390 6661166
1293 5323 1370 5390 6166
1394 5321 1475 5390 tiliis
1499 5321 1638 5390 liliabus
1661 5323 1848 5390 defunctus
1872 5321 1993 5399 fuerit,
2020 5325 2107 5391 tunc

259 5483 441 5567 integram
465 5477 746 5566 suprascriptam
770 5475 997 5543 donationem
1034 5475 1221 5560 perveniat
1243 5471 1289 5539 ad
1312 5471 1486 5558 potestate
1509 5470 1744 5556 suprascripti
1768 5469 1924 5558 iaquinti
1947 5477 1984 5538 et
2006 5472 2110 5538 here-

256 5637 344 5705 dum
369 5636 457 5713 eius,
482 5636 520 5701 et
542 5631 656 5700 licead
681 5633 784 5698 illum
808 5633 844 5698 et
867 5630 944 5696 eius
967 5627 1115 5695 heredes
1138 5627 1181 5694 de
1204 5628 1272 5693 hea
1296 5627 1439 5702 facere,
1465 5625 1557 5712 quod
1582 5593 1783 5702 voluerint,
1812 5629 1849 5692 et
1874 5625 1948 5712 ipse
1972 5625 2112 5713 166616-

253 5794 314 5857 tus
337 5792 374 5857 et
396 5805 477 5856 suos
499 5786 648 5856 heredes
671 5784 793 5852 statim
818 5782 904 5850 dent
927 5781 1062 5849 homini
1085 5780 1167 5856 1111,
1208 5781 1266 5848 661
1303 5799 1343 5848 66
1381 5780 1523 5876 cartula
1546 5779 1585 5846 in
1608 5798 1716 5846 manu
1740 5783 1927 5867 paruerit,
1960 5797 2024 5846 sex
2048 5796 2111 5846 au-
