5452 7108
953 534 1413 611 urulouurrcus
2051 530 2098 607 23

277 757 356 806 mus
379 739 416 805 et
439 735 693 804 alluminemus
716 731 774 799 die
798 732 988 817 noctuque,
1005 732 1042 796 et
1064 728 1223 796 officiare
1247 727 1434 806 iaciamus
1451 725 1546 794 sicut
1568 725 1744 794 meruerit
1767 725 1915 793 billana
1939 721 2157 800 ecclesiast

278 893 421 982 quando
443 891 631 968 meruerit,
655 891 734 978 ipsa
757 889 909 956 ecclesia
931 890 968 954 et
990 887 1069 974 ipsa
1092 905 1177 954 casa
1199 905 1263 954 nos
1287 884 1390 952 lllam
1413 883 1636 971 coperiemus
1659 884 1696 949 et
1719 880 1820 949 conci
1829 898 1942 958 emus,
1968 879 2061 946 sicut
2083 897 2156 945 me-

279 1048 406 1125 ruerit
431 1050 554 1114 tamen
576 1046 705 1112 offerta
731 1045 768 1109 et
791 1043 1037 1129 quodcumque
1061 1037 1100 1107 in
1123 1039 1202 1126 ipsa
1225 1037 1378 1106 ecclesia
1401 1035 1599 1114 introierit,
1625 1037 1741 1102 totum
1765 1033 1841 1100 sint
1864 1051 1927 1100 sue
1952 1031 2155 1120 potestatis

278 1198 483 1267 faciendum
506 1195 590 1280 inde
614 1195 707 1282 quod
730 1193 961 1260 boluerimus.
986 1195 1142 1268 tantum,
1168 1191 1333 1258 sitalem
1358 1209 1504 1258 causam
1528 1189 1712 1258 introierit
1736 1189 1775 1257 in
1801 1189 1882 1276 ipsa
1905 1187 2086 1266 ecclesia,
2115 1193 2154 1254 ut
2222 1203 2235 1226 ¹

276 1351 490 1418 ornamenta
513 1347 626 1416 tuerit
647 1349 690 1416 de
714 1347 794 1435 ipsa
816 1345 981 1423 ecclesia,
1006 1363 1147 1431 semper
1169 1343 1240 1412 fiad
1263 1343 1306 1410 de
1330 1343 1410 1430 ipsa
1432 1343 1597 1424 ecclesia,
1612 1345 1649 1410 et
1675 1345 1846 1410 abeamus
1863 1342 1949 1410 illut
1965 1343 2011 1410 ad
2028 1361 2156 1426 regen-

276 1505 361 1571 dum
384 1523 464 1572 cum
488 1504 567 1590 ipsa
589 1501 665 1570 alia
687 1501 835 1569 mobilia
857 1501 902 1569 ad
926 1501 1006 1586 ipsa
1028 1500 1192 1568 ecclesia.
1222 1503 1365 1569 tantum
1389 1505 1526 1588 quanta
1548 1503 1676 1568 offerta
1700 1501 1750 1567 ibi
1775 1499 1959 1567 introierit
1982 1499 2021 1566 in
2044 1517 2153 1586 pasca

281 1633 553 1726 resurrectionis
576 1657 740 1735 domini,
766 1659 803 1722 et
825 1656 864 1722 in
888 1655 1061 1725 natibitas
1084 1656 1248 1734 domini,
1285 1657 1322 1722 et
1345 1656 1384 1722 in
1408 1655 1603 1724 lestibitate
1626 1655 1745 1721 sancti
1771 1653 1929 1731 nicolai,
1955 1657 1992 1720 et
2015 1656 2152 1740 quanta

282 1809 481 1878 botationes
504 1811 541 1876 et
563 1809 748 1894 cingitura
770 1807 810 1876 in
832 1807 911 1894 ipsa
934 1807 1086 1876 ecclesia
1109 1807 1304 1884 introierit,
1330 1807 1560 1874 medietatem
1584 1807 1667 1873 illut
1690 1825 1758 1893 ego
1790 1807 1914 1874 demus
1938 1807 1990 1874 ad.
2007 1807 2153 1875 missum

286 1963 398 2050 ipsius
421 1963 542 2031 domni
564 1962 704 2040 abbati,
730 1964 767 2028 et
789 1961 1019 2028 medietatem
1043 1961 1143 2028 uobis
1167 1964 1337 2030 abeamus
1356 1986 1365 2040 ;
1398 1965 1435 2028 et
1458 1963 1632 2049 quantum
1656 1960 1707 2027 ibi
1731 1961 1921 2028 introierit
1945 1961 1989 2028 de
2013 1963 2154 2029 cartule

279 2116 519 2185 traternitatis
543 2117 661 2184 sancti
684 2115 844 2193 nicolai,
882 2119 1050 2202 quartam
1073 2117 1156 2184 inde
1180 2117 1304 2184 demus
1326 2118 1439 2205 ipsius
1474 2119 1594 2186 domni
1619 2119 1769 2197 abbati3
1796 2119 1842 2185 ad
1873 2117 1931 2184 die
1958 2137 2043 2184 vero
2068 2119 2155 2184 obiti

279 2273 350 2339 mei
373 2273 452 2359 ipsa
475 2273 627 2340 ecclesia
650 2274 818 2359 cooperta
841 2275 878 2338 et
900 2272 979 2359 ipsa
1000 2235 1272 2340 casasconciata
1294 2276 1331 2339 et
1354 2275 1548 2360 cooperta,
1586 2273 1725 2359 etipsa
1749 2274 1861 2339 rebus
1885 2274 1989 2339 surta
2012 2276 2050 2339 et
2073 2293 2155 2360 ope-

281 2431 374 2504 rata,
392 2430 429 2498 et
451 2429 530 2515 ipsa
553 2429 701 2498 mobilia
724 2431 838 2508 salba,
864 2429 957 2496 sicut
979 2431 1164 2507 meruerit3
1190 2433 1227 2497 et
1248 2430 1279 2496 si
1304 2431 1414 2496 talem
1431 2449 1576 2497 causam
1601 2431 1653 2497 ibi
1676 2431 1871 2508 introierit,
1887 2431 2044 2516 qualiter
2060 2430 2154 2498 dixi-

282 2604 372 2661 mus,
399 2588 511 2652 totum
537 2589 667 2654 bonum
691 2589 729 2654 et
751 2590 916 2664 salbum,
942 2587 1035 2654 sicut
1058 2586 1254 2663 meruerit,
1280 2585 1511 2654 remictamus
1536 2587 1582 2653 ad
1608 2587 1822 2674 potestatem
1847 2587 1964 2654 eidem
1989 2587 2152 2664 ecclesie,

281 2743 338 2807 vel
362 2740 407 2807 ad
431 2740 549 2827 ipsum
573 2742 723 2810 domnus
747 2744 870 2817 abbas3
888 2743 925 2808 et
946 2739 1064 2807 licead
1088 2740 1212 2806 eredes
1235 2759 1331 2806 meos
1353 2739 1437 2808 inde
1453 2741 1622 2807 excutere
1638 2760 1759 2810 omnes
1776 2745 1900 2810 nostra
1916 2761 2027 2811 causa
2048 2748 2085 2811 et
2101 2746 2153 2813 ia-

280 2914 361 2962 cere
386 2894 467 2962 inde
492 2895 586 2982 quod
609 2893 856 2972 uoluerimus,
881 2897 918 2960 et
941 2895 1015 2980 ipse
1037 2893 1187 2964 domnus
1210 2895 1320 2961 abbas
1343 2896 1520 2980 obligarit
1542 2913 1580 2963 se
1603 2898 1640 2962 et
1665 2913 1750 2982 pars
1774 2897 1890 2964 eidem
1919 2897 2069 2965 ecclesie
2092 2898 2152 2965 de-

282 3051 427 3119 fendere
452 3049 561 3116 michi
586 3049 731 3134 integra
753 3048 830 3136 ipsa
853 3045 1067 3116 tradictione
1091 3048 1137 3115 da
1160 3067 1280 3115 omnes
1304 3049 1439 3117 omines
1463 3069 1544 3117 cum
1567 3049 1647 3117 bice
1671 3050 1714 3117 de
1738 3050 1794 3118 bie
1831 3069 1922 3130 sue,
1957 3057 1995 3120 et
2017 3053 2151 3138 guadia

281 3203 392 3270 michi
415 3202 490 3289 ipse
514 3201 664 3268 domnus
687 3204 798 3268 abbas
822 3201 926 3278 dedi,
951 3204 987 3267 et
1010 3199 1244 3294 mediatorem
1267 3201 1374 3268 michi
1399 3201 1519 3289 posuit
1541 3202 1714 3270 iohannes
1739 3206 1896 3273 clericus
1919 3205 2017 3273 tilius
2041 3226 2151 3294 quon·
2200 3171 2206 3182 “

281 3354 363 3421 dam
387 3353 464 3420 ursi
487 3353 693 3441 presbiteri;
711 3355 748 3419 et
770 3372 835 3440 per
852 3352 965 3440 ipsam
987 3353 1158 3438 guadiam
1181 3320 1357 3439 obligauit
1380 3374 1417 3421 se
1434 3356 1470 3420 et
1492 3373 1577 3442 pars
1600 3355 1715 3422 eidem
1731 3356 1894 3434 ecclesie,
1922 3357 1967 3424 Ut
1982 3359 2013 3425 si
2027 3359 2148 3427 omnnia

282 3507 528 3595 suprascripta
551 3505 651 3574 nobis
675 3526 744 3580 non
768 3504 1072 3592 adimpleberint,
1098 3509 1135 3574 et
1158 3507 1291 3594 aliquit
1314 3507 1396 3576 inde
1419 3509 1723 3588 contradixerint,
1749 3503 1953 3598 peripsam
1977 3512 2149 3598 guadiam

281 3661 458 3748 obligavit
480 3679 518 3727 se
541 3637 618 3748 ipse
642 3661 791 3728 domnus
815 3663 925 3728 abbas
948 3663 985 3726 et
1007 3681 1092 3748 pars
1115 3661 1230 3730 eidem
1264 3661 1414 3731 ecclesie
1437 3684 1647 3751 componere
1670 3665 1780 3732 michi
1811 3669 1951 3754 meique
1983 3667 2148 3735 eredibus

281 3822 427 3887 centum
450 3815 532 3884 auri
553 3815 684 3883 solidos
708 3815 1024 3912 constantinianum
1050 3818 1142 3903 quod
1166 3818 1293 3904 scripsi
1317 3837 1383 3904 ego
1408 3819 1611 3887 romoaldus
1635 3820 1808 3888 notarius.

326 3971 354 4064 †
377 3977 451 4058 Ego
475 3971 625 4041 alferius
649 3973 852 4040 nominatus
875 3970 1045 4039 diaconus
1068 3974 1350 4060 archipresbiter
1373 3977 1410 4041 et
1433 3977 1543 4042 abbas

326 4124 354 4217 †
378 4086 453 4215 ligo
476 4130 600 4216 petrus
623 4127 800 4214 presbiter
824 4129 860 4194 et
883 4126 1156 4215 primiclericus

998 4485 1475 4500 m

1091 4712 1333 4792 MLXXI

1065 5023 1124 5098 A.
1151 5022 1209 5100 D.
1238 5023 1362 5100 1046

330 5190 599 5256 Surizntarium:

336 5347 363 5437 †
387 5349 489 5415 Anno
512 5343 678 5413 vicesimo
702 5313 792 5411 nono
815 5341 1037 5432 principatus
1060 5339 1201 5411 Salerni
1222 5344 1422 5412 Guaimarii
1447 5349 1483 5412 et
1505 5345 1628 5413 Gisulfl
1650 5345 1714 5412 dlii
1737 5347 1825 5423 ciue,
1844 5347 1884 5411 ut
1907 5364 2035 5430 supro.
2061 5345 2131 5410 Me-

288 5526 308 5569 «
340 5501 585 5579 moratoriam,
611 5521 680 5588 quo
704 5501 889 5576 lohannes,
914 5500 1009 5567 lilius
1033 5500 1209 5587 quondam
1234 5500 1350 5586 Sergii
1373 5502 1515 5588 Angeli,
1533 5505 1569 5568 et
1585 5504 1768 5580 lohannes
1786 5504 1823 5569 et
1836 5501 1963 5570 Petrus
1977 5499 2141 5586 germani
2171 5507 2174 5512 '

291 5677 311 5720 e
336 5654 403 5721 lilii
426 5653 603 5741 quondam
619 5653 745 5722 Leonis
768 5645 918 5722 tradunt
933 5655 1099 5741 cuiquam
1114 5657 1337 5722 Machenolso
1351 5656 1423 5723 dlio
1440 5656 1618 5741 quondam
1633 5656 1843 5722 Machenolil
1869 5659 1985 5722 terras
2000 5657 2038 5722 in
2053 5658 2141 5732 loco,

207 5785 208 5788 Ἴ
288 5832 308 5875 «ι
337 5809 398 5876 ubi
422 5810 555 5877 dicitur
579 5813 608 5878 Α
633 5809 660 5875 li
672 5807 820 5896 platoni
831 5811 1036 5896 qwopiaquo
1051 5811 1101 5877 oct
1113 5775 1191 5894 ipsa
1206 5809 1403 5894 everriculo,
1431 5809 1611 5877 nonnullis
1633 5809 1802 5878 oneribus
1824 5809 2020 5877 servandis.
