5452 7108
997 517 1410 594 urricusrrcus
1677 471 1678 474 ‘
2051 519 2097 592 cr

288 710 489 798 supradicti
513 711 671 790 bisantii,
696 713 868 801 quomodo
891 716 928 780 et
951 713 1106 801 qualiter
1130 715 1207 799 post
1229 731 1347 781 meum
1372 713 1532 782 hobitum
1555 712 1598 780 de
1621 713 1738 781 causis
1768 713 1856 782 meis
1878 713 1949 782 fiad
1963 713 2144 800 prehordi-

286 867 425 943 natum,
450 867 487 932 et
509 867 640 936 exinde
662 886 727 955 pro
750 867 907 936 animam
931 887 1046 936 meam
1062 868 1198 936 datum.
1224 867 1394 935 Primitus
1418 865 1560 956 quidem
1584 867 1675 946 v010,
1694 869 1735 934 ut
1758 885 1880 935 casam
1906 887 2033 944 meam,
2052 867 2143 956 quod

286 1019 528 1090 communiter
550 1023 663 1089 habeo
687 1040 768 1089 cum
791 1021 901 1090 senda
923 1040 1080 1090 sororem
1105 1041 1220 1089 meam
1244 1040 1266 1088 a
1290 1039 1375 1108 pars
1391 1021 1514 1089 aloare
1529 1021 1693 1090 ienitrice
1710 1024 1831 1089 nostra
1846 1021 1943 1090 intus
1958 1021 2143 1089 castellum

287 1175 502 1264 caputaquis
524 1175 716 1243 sortionem
750 1195 865 1244 meam
889 1175 953 1244 flat
975 1175 1105 1244 exinde
1129 1177 1329 1244 benundata
1353 1179 1390 1242 et
1413 1176 1592 1262 pretium,
1634 1175 1726 1264 quod
1749 1175 1832 1244 inde
1864 1177 1995 1244 tultum
2019 1175 2140 1250 luerit,

285 1327 513 1396 medietatem
536 1329 667 1397 exinde
690 1329 819 1397 beniad
843 1329 889 1397 ad
914 1331 1124 1417 potestatem
1147 1329 1306 1416 predicte
1329 1329 1443 1395 sorori
1467 1347 1553 1394 mee.
1578 1327 1760 1415 Simulque
1790 1327 1866 1396 siad
1890 1329 2143 1396 benumdatum

286 1500 398 1549 unum
422 1501 582 1568 pannum
605 1502 735 1560 meum,
762 1482 853 1570 quod
877 1484 990 1550 habeo
1012 1481 1056 1549 de
1079 1481 1228 1549 brachia
1249 1481 1401 1568 triginta
1424 1483 1461 1548 et
1483 1499 1555 1548 una
1578 1481 1757 1558 colostra,
1783 1483 1820 1548 et
1845 1500 1917 1548 una
1939 1482 2086 1558 lenola,
2112 1485 2148 1548 et

285 1636 455 1724 pretium,
483 1636 575 1724 quod
599 1637 681 1705 inde
703 1637 815 1743 *fuerit
837 1640 980 1714 tultum,
1006 1655 1085 1702 cum
1110 1635 1301 1703 medietate
1325 1634 1368 1702 do
1392 1635 1471 1723 ipsa
1493 1654 1589 1713 casa,
1607 1637 1720 1704 totum
1744 1613 1828 1703 illut
1850 1635 1922 1704 siat
1943 1636 2066 1703 datum
2082 1655 2146 1724 pro

285 1789 376 1857 meis
399 1790 528 1858 salutis
551 1791 695 1860 hanimo
718 1809 783 1878 per
806 1807 980 1877 pauperes
1003 1792 1040 1856 et
1062 1789 1274 1866 sacerdotes,
1292 1808 1354 1857 seu
1378 1809 1443 1877 per
1459 1787 1681 1858 benerabilia
1702 1791 1793 1868 loca,
1812 1789 1900 1858 hubi
1915 1789 2043 1857 melius
2058 1789 2145 1857 deus

287 1944 533 2032 inspiraverit.
557 1943 612 2011 Ad
636 1947 757 2012 amata
780 1940 934 2030 cognata
958 1961 1037 2014 mea
1060 1942 1189 2010 beniad
1212 1943 1258 2010 ad
1281 1943 1357 2011 eius
1381 1945 1592 2030 potestatem
1617 1963 1689 2011 una
1712 1943 1857 2012 bellosa.
1875 1942 1928 2010 Ad
1943 1943 2074 2011 iemma
2089 1963 2148 2011 co·

288 2102 408 2185 gnata
432 2119 513 2168 mea
535 2099 641 2168 detur
663 2099 697 2166 ei
721 2117 798 2171 una¹
817 2098 964 2166 camiso.
990 2098 1044 2165 Ad
1068 2097 1193 2165 aloara
1218 2097 1346 2165 beniad
1381 2097 1425 2163 ad
1452 2096 1529 2164 eius
1551 2099 1762 2184 potestatem
1793 2116 1865 2166 una
1889 2097 2008 2183 larga.
2032 2098 2071 2164 ln
2093 2117 2149 2166 ec-

285 2253 404 2322 clesia
427 2257 551 2321 sancte
574 2253 688 2321 marie
711 2254 755 2321 de
777 2253 874 2320 intus
897 2252 1043 2320 civitate
1067 2271 1160 2320 nova
1175 2252 1388 2340 caputaquis
1408 2253 1513 2320 detur
1528 2253 1684 2322 hibidem
1700 2254 1737 2341 pl
1750 2254 1855 2322 aione
1871 2273 1958 2322 unu.
1976 2256 2015 2322 In
2029 2259 2151 2322 sancto
2279 2261 2288 2284 ³

233 2501 238 2508 1
289 2413 420 2482 blassio
444 2411 592 2500 platone
616 2431 702 2480 unu.
729 2414 767 2479 In
791 2414 914 2479 sancto
939 2411 1075 2479 nicolao
1098 2411 1141 2478 de
1165 2413 1241 2478 loco
1264 2412 1486 2479 castrezzano
1511 2413 1657 2498 planeta
1673 2431 1756 2480 una.
1776 2413 1927 2504 Reliqua
1942 2431 2026 2480 vero
2042 2415 2148 2480 rebus

287 2587 367 2637 mea
391 2539 521 2636 stabile
556 2569 593 2634 et
620 2566 775 2644 mobile,
810 2566 1058 2654 undecumque
1093 2568 1157 2633 aut
1180 2564 1503 2654 quomodocumque
1526 2564 1635 2632 michi
1659 2567 1713 2632 est
1735 2563 1954 2652 pertinentes
1985 2583 2049 2651 per
2072 2567 2147 2631 tota

286 2726 419 2794 tinibus
443 2727 552 2814 caput
574 2723 678 2812 aquis
700 2743 763 2792 seu
786 2723 951 2802 lucanis,
977 2725 1090 2790 totum
1114 2725 1151 2788 et
1173 2719 1337 2789 inolitum
1361 2721 1492 2790 beniad
1515 2721 1561 2788 ad
1582 2723 1755 2808 potestate
1783 2719 1979 2807 supradicti
2002 2719 2146 2787 landoni

289 2879 360 2948 riri
383 2879 454 2948 mei
477 2877 580 2946 etde
603 2877 680 2944 eius
703 2877 863 2953 heredes,
889 2875 1089 2944 laciendum
1113 2871 1194 2942 inde
1216 2874 1349 2952 omnia,
1376 2893 1444 2962 que
1467 2893 1589 2941 eorum
1613 2873 1830 2962 placuerint.
1863 2877 1908 2941 Et
1937 2873 2146 2960 cuicumque

285 3033 481 3104 sortionem
504 3051 621 3100 meam
656 3031 699 3100 de
724 3029 802 3118 ipsa
825 3049 909 3098 casa
932 3029 1148 3098 benumdata
1172 3029 1303 3106 suerit,
1328 3029 1407 3098 siad
1430 3029 1506 3098 eius
1530 3027 1750 3096 defensatam
1774 3047 1838 3116 per
1869 3029 2016 3097 heredes
2039 3047 2145 3102 meos,

290 3209 379 3257 cum
403 3188 480 3257 bice
504 3189 547 3256 de
570 3185 638 3254 riis
661 3185 758 3270 suis,
784 3187 821 3252 et
843 3203 924 3252 cum
946 3183 1110 3251 omnibus
1132 3184 1215 3252 inde
1237 3185 1458 3273 pertinentes
1482 3188 1527 3253 ab
1549 3181 1710 3252 omnibus
1745 3184 1946 3252 hominibus
1978 3183 2144 3284 omnique

297 3342 472 3431 partibus,
498 3343 670 3429 tanquam
694 3339 814 3428 siege
849 3339 931 3408 illut
954 3307 1205 3407 benumdasset
1227 3340 1264 3405 et
1286 3338 1436 3406 heredes
1471 3357 1565 3406 meos
1586 3337 1782 3424 obligasset
1803 3357 1883 3423 ego.
1909 3337 2006 3404 Unde
2030 3337 2149 3422 obligo

294 3495 447 3565 heredes
469 3515 578 3574 meos,
605 3499 645 3563 ut
667 3494 698 3564 si
721 3493 765 3562 de
788 3514 828 3561 ec
851 3493 978 3574 omnia,
1004 3494 1044 3560 ut
1066 3492 1232 3581 superius
1255 3492 1411 3580 disposui
1440 3495 1476 3560 et
1500 3490 1667 3568 iudicavi,
1694 3491 1832 3571 aliquid
1856 3491 1986 3560 exinde
2009 3492 2149 3560 contra·

288 3651 429 3722 dixerit
451 3655 487 3719 et
511 3655 685 3729 retroare,
702 3669 764 3718 seu
789 3668 970 3718 removere
993 3647 1078 3717 illut
1101 3644 1283 3736 quesierit,
1301 3651 1338 3716 et
1361 3647 1605 3736 quodcumque
1628 3647 1851 3715 causationes
1874 3647 2004 3714 exinde
2028 3665 2151 3733 prepo-

290 3806 419 3885 suerit,
439 3808 477 3874 et
498 3805 620 3873 omnia
642 3824 712 3874 non
735 3803 997 3892 adimpleverit,
1015 3802 1108 3870 sicut
1122 3802 1286 3890 superius
1309 3802 1457 3889 legitur,
1476 3801 1515 3869 in
1530 3820 1624 3888 pena
1639 3799 1736 3868 siant
1750 3800 1904 3886 obligati
1927 3799 1990 3866 ille
2005 3799 2153 3887 heredes

297 3975 416 4037 meos,
442 3959 503 4046 qui
526 3957 614 4026 talia
637 3955 734 4024 aiere
758 3953 1063 4042 presumpserint,
1089 3955 1134 4022 ad
1158 3955 1440 4042 componendum
1464 3954 1669 4043 supradicto
1692 3953 1871 4028 mirandi,
1898 3953 1956 4020 cui
1980 3953 2018 4020 in
2043 3970 2149 4018 manu

289 4117 375 4185 illut
398 4111 668 4190 commissimus,
686 4113 722 4179 et
745 4109 803 4178 cui
824 4110 998 4197 scriptum
1022 4108 1129 4177 istum
1153 4108 1190 4176 in
1214 4128 1324 4177 manu
1347 4111 1522 4196 paruerit,
1538 4107 1801 4199 quinquaginta
1823 4107 1903 4175 auri
1919 4105 2046 4174 solidos
2069 4125 2151 4174 con-

287 4268 540 4338 stantinianus.
566 4269 611 4334 nt
634 4263 726 4354 quod
749 4265 912 4353 superius
935 4262 1089 4351 disposui
1105 4265 1142 4330 et
1164 4261 1332 4341 iudicavi,
1350 4261 1447 4330 omni
1471 4266 1628 4351 tempore
1651 4263 1795 4331 firmum
1815 4262 2049 4350 starilemque
2063 4255 2153 4349 'per-

292 4423 460 4492 manead.
486 4421 584 4490 Unde
607 4441 671 4509 pro
694 4419 827 4499 omnia,
854 4422 894 4486 ut
918 4418 1051 4487 dictum
1076 4420 1141 4502 est,
1168 4416 1440 4504 adimplendum
1463 4434 1529 4503 per
1544 4434 1754 4484 consensum
1776 4415 1972 4504 supradicti
1996 4411 2066 4482 viri
2081 4414 2152 4482 mei

289 4579 467 4668 guadiam
490 4576 558 4645 tibi
580 4576 749 4645 iamdicto
772 4573 929 4642 mirandi
952 4573 1125 4650 dedimus,
1143 4575 1180 4638 et
1202 4571 1435 4639 mediatorem
1460 4569 1526 4638 tibi
1549 4569 1730 4658 posuimus
1755 4571 1876 4656 petrus
1891 4567 2044 4636 clericus
2057 4568 2151 4636 filius
2212 4601 2216 4608 ·

298 4735 476 4822 quondam
500 4729 650 4800 remedii
684 4729 887 4820 presbiteri.
912 4731 957 4798 Et
980 4729 1105 4797 taliter
1127 4725 1253 4802 scribsi
1278 4727 1352 4811 Ego
1376 4723 1551 4792 iohannes
1574 4720 1812 4792 subdiaconus
1845 4726 1882 4791 et
1906 4717 2070 4792 notarius
2089 4743 2153 4811 per

289 4887 516 4956 indicatione
539 4887 582 4954 de
604 4885 797 4974 subscripti
819 4887 941 4952 testes,

339 5043 367 5134 †
390 5047 465 5130 Ego
489 5061 628 5112 marcus
650 5041 826 5130 presbiter

335 5198 362 5290 †
390 5202 464 5286 Ego
480 5217 590 5267 russu
615 5197 803 5285 presbiter.
