5452 7108
610 500 655 574 so
838 445 846 462 κ
1284 499 1456 576 consu
1488 500 1749 576 cnvuusvs

560 699 702 776 tesval
727 694 888 774 clericos,
913 715 976 763 seu
1002 696 1205 772 monachos,
1224 697 1284 783 qui
1309 715 1372 783 per
1395 699 1431 764 te
1455 701 1492 764 et
1515 716 1579 784 per
1604 701 1683 766 tuos
1708 697 1834 764 eredes
1859 696 1897 764 in
1921 695 1997 783 ipsa
2020 697 2171 766 ecclesia
2185 695 2342 764 ordinati
2358 696 2432 762 lua

561 849 667 927 rint,
693 851 873 918 cartulam
898 849 1140 918 fraternitatis
1164 848 1200 915 in
1225 851 1349 918 eadem
1373 851 1562 920 ecclesiam
1588 811 1706 920 iacere
1729 857 1765 919 et
1789 849 1919 930 abere,
1952 853 1989 917 et
2011 869 2153 918 cereum
2177 854 2213 916 et
2236 853 2350 920 tontes
2373 867 2432 916 ve·

563 1003 745 1082 aedicere,
771 1007 807 1072 et
831 1005 869 1072 in
893 1005 979 1092 ipsis
1004 977 1163 1074 lontibus
1187 1005 1379 1093 baptizare,
1398 1005 1490 1073 sicut
1513 1007 1626 1084 decet,
1645 1009 1681 1074 et
1704 1025 1827 1074 cruces
1851 1026 1897 1074 ex
1921 1007 1998 1094 ipsa
2020 1004 2172 1073 ecclesia
2195 1008 2375 1082 extraere,
2393 1009 2429 1072 et

559 1182 641 1230 cum
665 1161 808 1229 letaniis
831 1181 877 1230 ex
902 1162 980 1250 ipsa
1002 1162 1159 1229 ecclesia
1184 1163 1395 1248 procedere,
1421 1163 1458 1228 et
1480 1161 1638 1228 infirmos
1662 1159 1827 1238 visitare,
1853 1163 1890 1226 et
1912 1161 2068 1227 mortuos
2091 1159 2189 1226 intra
2214 1159 2291 1244 ipsa
2313 1159 2428 1224 eccle-

565 1315 620 1382 sia
644 1313 816 1402 recipere,
842 1315 879 1381 et
901 1334 965 1401 pro
989 1316 1041 1382 eis
1068 1315 1196 1392 officio,
1223 1315 1316 1380 sicut
1337 1313 1450 1391 decet,
1477 1315 1619 1391 facere,
1645 1315 1682 1380 et
1704 1333 1727 1380 a
1750 1315 1844 1380 foras
1866 1312 1943 1400 ipsa
1966 1312 2116 1379 ecclesia
2138 1311 2301 1400 sepelire3
2327 1315 2364 1380 et
2386 1311 2429 1378 li-

566 1469 725 1538 centiam
750 1471 883 1538 abeant
907 1489 971 1556 per
994 1470 1114 1536 domos
1138 1489 1273 1546 eorum,
1292 1469 1352 1554 qui
1376 1454 1422 1537 ad
1446 1469 1559 1555 ipsam
1583 1468 1770 1536 ecclesiam
1795 1469 2001 1536 annualiter
2024 1469 2197 1545 venerint,
2215 1469 2260 1536 ad
2284 1469 2431 1536 audien·

568 1625 653 1692 dum
676 1623 830 1691 officium
870 1625 906 1689 ct
945 1622 990 1688 ad
1014 1622 1132 1688 domos
1158 1621 1259 1688 etde
1283 1621 1458 1689 ominibus
1483 1622 1543 1707 qui
1570 1621 1606 1688 in
1629 1624 1736 1690 rebus
1759 1625 1819 1688 tua
1852 1621 2081 1688 etheredum
2107 1623 2248 1690 tuorum
2272 1621 2429 1689 abitave-

564 1787 654 1863 rint,
680 1781 760 1853 cum
784 1805 879 1874 aqua
895 1785 1098 1852 santificata
1125 1782 1178 1849 ire
1202 1786 1238 1848 et
1253 1799 1377 1848 cruces
1401 1782 1437 1846 in
1460 1777 1546 1866 ipsis
1570 1779 1682 1846 domis
1705 1797 1848 1866 ponere,
1866 1780 1903 1844 et
1925 1796 2056 1865 aquam
2078 1775 2315 1846 santificatam
2331 1792 2431 1861 spar-

568 1957 667 2023 gere,
687 1939 819 2024 absque
843 1939 939 2006 omni
965 1940 1085 2005 nostro
1109 1941 1146 2004 et
1169 1938 1214 2004 de
1237 1935 1498 2004 successoribus
1523 1933 1665 2010 nostris,
1684 1935 1720 1999 et
1743 1934 1785 2002 de
1809 1932 1971 2019 partibus
1994 1931 2105 2019 ipsius
2129 1931 2246 1999 nostri
2261 1929 2430 2018 episcopii

568 2089 827 2159 contrarietate
851 2092 909 2158 vel
934 2092 1165 2180 requisitione
1184 2116 1191 2167 ;
1228 2093 1264 2156 et
1287 2109 1351 2157 nec
1375 2110 1453 2175 ego,
1480 2108 1544 2157 nec
1567 2084 1825 2160 successoribus
1848 2086 1962 2164 meis,
1987 2105 2053 2153 nec
2076 2105 2161 2174 pars
2183 2085 2294 2173 ipsius
2317 2085 2429 2154 nostri

563 2243 747 2332 episcopii,
766 2245 924 2332 quolibet
947 2248 1106 2331 tempore
1130 2244 1334 2332 quemlibet
1347 2261 1504 2322 censum,
1521 2246 1585 2310 aut
1600 2243 1782 2330 quodlibet
1797 2241 1994 2320 servitium,
2022 2245 2085 2310 aut
2096 2241 2275 2310 dationem
2291 2242 2338 2309 ad
2353 2241 2430 2330 ipsa

565 2399 766 2476 ecclesiam,
786 2402 849 2466 aut
872 2419 895 2468 a
919 2400 1116 2467 rectoribus
1141 2399 1217 2467 eius
1242 2419 1434 2487 queramus
1458 2419 1522 2486 per
1547 2399 1742 2486 quemlibet
1765 2398 1878 2476 modo,
1899 2401 1936 2464 et
1959 2416 2022 2464 nos
2045 2399 2082 2463 et
2096 2397 2355 2466 successoribus
2371 2415 2432 2466 no-

567 2553 652 2621 stris
676 2557 712 2621 et
735 2573 818 2640 pars
843 2555 953 2642 ipsius
978 2555 1090 2622 nostri
1116 2553 1283 2642 episcopii
1299 2555 1508 2622 annualiter
1532 2555 1657 2621 demus
1680 2553 1726 2622 ad
1748 2557 1888 2642 partem
1912 2553 2021 2640 ipsius
2045 2551 2192 2620 ecclesie
2215 2554 2380 2634 formata,
2395 2559 2431 2622 et

563 2709 713 2787 crisma,
738 2712 775 2776 et
797 2709 914 2776 oleum
939 2713 1114 2786 sanctum,
1140 2711 1234 2777 sicut
1257 2711 1442 2787 meruerit,
1468 2713 1601 2795 absque
1625 2709 1787 2786 datione;
1812 2711 1849 2775 et
1870 2707 2054 2775 licentiam
2077 2710 2209 2776 alveant
2230 2708 2431 2776 sacerdotes

566 2867 604 2931 et
630 2865 805 2941 clericos,
841 2883 904 2931 seu
929 2866 1148 2942 monachos,
1187 2865 1249 2951 qui
1272 2883 1334 2952 per
1357 2866 1392 2930 te
1416 2867 1452 2931 et
1474 2883 1538 2950 per
1562 2867 1639 2930 tuos
1662 2863 1811 2932 heredes
1833 2863 1871 2931 in
1895 2863 2018 2931 eadem
2041 2863 2228 2931 ecclesiam
2250 2863 2431 2931 ordinatos

569 3016 719 3094 suerint,
744 3036 883 3084 omnem
908 3019 1119 3084 canonicum
1145 3019 1202 3084 vol
1225 3019 1473 3086 monachicum
1497 3017 1660 3085 ordinem
1683 3035 1869 3104 peragere,
1895 3017 2051 3104 qualiter
2074 3017 2238 3095 boluerit‚
2263 3015 2357 3084 sicut
2379 3017 2432 3084 iu-

566 3171 662 3237 stum
686 3174 752 3236 est.
780 3172 824 3237 Et
846 3171 876 3238 si
901 3171 1060 3258 quolibet
1083 3181 1242 3257 tempore
1266 3171 1344 3258 ipsa
1367 3171 1518 3240 ecclesia
1542 3172 1600 3239 vel
1625 3191 1671 3238 ex
1695 3171 1774 3259 ipsa
1797 3170 2002 3248 ceciderint,
2020 3173 2105 3238 tunc
2128 3191 2209 3239 cum
2232 3173 2271 3238 tu
2295 3175 2331 3240 et
2353 3175 2431 3240 tuos

572 3323 696 3391 eredes
720 3343 783 3392 nos
806 3325 842 3390 et
865 3343 1085 3392 successores
1112 3327 1249 3392 nostros
1273 3325 1500 3410 rogaveritis
1526 3344 1589 3393 nos
1613 3327 1650 3392 ct
1672 3344 1890 3420 successores
1912 3328 2050 3393 nostros
2073 3325 2159 3393 illuc
2183 3325 2378 3404 veniamus,
2396 3330 2432 3392 et

570 3475 649 3564 ipsa
672 3477 824 3546 ecclesia
847 3480 982 3548 eteius
1006 3480 1145 3546 altaria
1169 3477 1381 3557 dedicemus
1407 3482 1444 3546 et
1466 3480 1509 3559 si,
1535 3478 1627 3567 quod
1650 3479 1770 3567 apsit,
1807 3477 1965 3566 quolivet
1987 3479 2144 3565 tempore
2168 3479 2245 3568 ipsa
2268 3479 2429 3553 ecclesia,

576 3633 632 3698 vel
656 3631 732 3700 eius
756 3634 890 3701 altaria
913 3635 1159 3704 contaminata
1182 3635 1328 3712 fuerint,
1347 3655 1410 3703 nos
1433 3639 1470 3704 et
1492 3640 1631 3704 nostros
1654 3653 1872 3703 successores
1895 3653 1959 3721 pcr
1982 3653 2103 3704 omnes
2118 3635 2213 3702 vices
2236 3654 2300 3722 per
2314 3637 2432 3722 postu-

566 3785 737 3854 lationem
770 3791 869 3855 tuam
894 3791 930 3855 et
954 3788 996 3855 de
1021 3789 1092 3855 tuis
1115 3789 1306 3869 cratibus,
1336 3789 1381 3856 ad
1405 3791 1519 3877 ipsam
1542 3789 1732 3857 ecclesiam
1755 3789 1951 3866 veniamus,
1978 3792 2015 3856 et
2036 3809 2115 3858 eam
2140 3790 2276 3858 eteius
2299 3791 2432 3860 altaria

570 3945 840 4018 restauremus,
866 3941 959 4007 sicut
983 3941 1182 4020 meruerit3
1209 3945 1245 4009 et
1268 3961 1332 4030 per
1356 3942 1655 4010 combenientiam
1679 3961 1744 4029 ego
1768 3945 1909 4011 amatus
1938 3942 2073 4010 domini
2106 3943 2227 4029 gratia
2249 3943 2432 4032 episcopus

568 4093 769 4178 obligome
793 4096 829 4159 et
851 4111 1072 4161 successores
1095 4113 1210 4172 meos,
1236 4097 1273 4160 et
1295 4097 1434 4180 partem
1461 4093 1573 4181 ipsius
1596 4095 1764 4182 episcopii
1786 4095 1844 4172 si,
1869 4094 1961 4163 sicut
1982 4095 2145 4182 superius
2168 4097 2341 4184 scriptum
2364 4101 2429 4175 est,

573 4243 638 4312 tibi
663 4243 785 4331 tuique
808 4244 974 4312 enodibus
998 4263 1070 4312 non
1093 4245 1419 4333 adimpleverimus
1438 4251 1475 4314 et
1498 4249 1779 4336 suprascriptam
1803 4249 1861 4316 vel
1884 4269 1930 4317 ex
1953 4250 2004 4318 eis
2028 4251 2218 4339 quicquam
2234 4271 2429 4330 removere,

570 4401 635 4466 aut
657 4397 902 4466 contradicere
925 4401 1246 4486 presumserimus‚
1282 4421 1491 4489 componere
1515 4401 1581 4472 tibi
1607 4403 1757 4472 domnus
1792 4403 1964 4490 pandulfo
1988 4403 2111 4493 tuique
2146 4407 2311 4476 eredibus
2334 4407 2431 4475 mille

573 4549 677 4618 aurei
712 4551 840 4618 solidos
864 4551 1123 4620 constantines.
1165 4553 1264 4621 Unde
1287 4573 1352 4640 pro
1387 4554 1464 4621 vice
1488 4558 1611 4624 nostra
1637 4559 1798 4625 nostrum
1821 4557 2079 4626 vicedominum
2112 4579 2176 4646 pro
2212 4559 2288 4627 vice
2322 4559 2433 4647 ipsius

571 4704 693 4774 domni
716 4705 864 4792 paldulii
887 4706 1016 4774 domno
1040 4707 1190 4776 iohanni
1213 4709 1333 4776 comiti
1356 4709 1429 4778 lilio
1455 4711 1573 4779 domni
1598 4713 1713 4780 alfani
1737 4713 1875 4780 comitis
1897 4714 2067 4800 guadiam
2090 4714 2176 4782 dare
2200 4715 2371 4794 fecimus,
2397 4720 2433 4783 et

570 4858 783 4926 mediatores
807 4859 840 4926 ei
865 4862 1045 4947 posuimus
1067 4863 1331 4932 landemarium
1355 4867 1526 4934 clericum
1549 4867 1660 4935 fllium
1687 4867 1859 4944 landolfi,
1885 4872 1922 4936 et
1943 4869 2165 4938 dumncllum
2188 4871 2300 4938 fllium
2324 4889 2434 4958 quon-

575 5013 659 5080 dam
684 5013 866 5099 guinardi.
893 5019 938 5083 Et
961 5019 1056 5084 hunc
1081 5021 1224 5086 brebem
1248 5021 1392 5106 scripsit
1414 5041 1480 5106 ego
1503 5022 1633 5107 guidus
1657 5023 1894 5092 subdiaconus
1917 5027 1953 5092 et
1969 5025 2130 5094 notarius
2153 5043 2218 5112 per
2241 5017 2432 5096 iussionem

570 5166 697 5234 domni
720 5169 884 5255 presulis.

623 5321 698 5388 Pax
715 5325 850 5408 -Ego
874 5323 935 5410 qui
959 5341 1067 5409 supra
1094 5325 1241 5393 Amatus
1264 5325 1459 5413 episcopus,
