5398 7106
630 513 699 584 ‘220
1256 516 1436 591 CODEX
1480 515 1732 592 olvsusls

577 705 772 774 occidentis
796 711 878 773 avet
902 707 983 780 inde
1006 729 1096 796 erga
1119 711 1194 796 ipso
1219 731 1320 789 muro
1343 712 1386 778 dc
1411 715 1488 798 ipsa
1510 729 1594 778 casa
1617 710 1721 796 pedes
1737 710 1856 776 decem
1881 712 1918 775 et
1940 709 2076 794 septem
2100 707 2137 771 et
2154 702 2256 770 uncie
2283 705 2365 771 tros:
2380 700 2424 765 de

577 879 686 947 super
710 879 733 928 a
756 867 859 946 parte
883 864 1147 948 septemtrionis
1170 883 1259 949 erga
1282 883 1384 930 muro
1407 865 1450 931 de
1474 865 1552 950 ipsa
1585 882 1669 930 casa
1702 865 1739 929 et
1761 862 1844 929 inde
1878 863 1960 928 avet
1997 859 2103 947 pedes
2126 856 2272 924 sidecim
2306 854 2423 920 minus

581 1011 685 1080 uncie
708 1016 794 1080 tres.
821 1033 842 1080 a
865 1017 969 1100 parte
991 1016 1140 1083 orientis
1161 1017 1232 1085 line
1256 1017 1371 1084 medio
1396 1035 1497 1084 muro
1520 1017 1564 1083 de
1587 1017 1665 1102 ipsa
1688 1033 1773 1082 casa
1796 1008 1898 1081 etde
1922 1012 1996 1080 alia
2018 1029 2102 1078 casa
2133 1013 2257 1077 nostra
2280 1011 2316 1074 et
2339 1027 2423 1074 con-

577 1169 749 1254 iungente
773 1165 818 1234 ad
842 1165 917 1252 ipso
941 1167 1104 1236 anditum
1128 1170 1248 1256 priore
1272 1171 1340 1236 line
1374 1173 1411 1236 et
1433 1169 1516 1236 inde
1553 1171 1638 1235 sunt
1660 1167 1766 1254 pedes
1800 1166 1947 1233 sidecim
1971 1167 2008 1232 et
2031 1160 2135 1231 uncie
2158 1162 2347 1249 quadtu0r‚
2373 1165 2423 1228 to-

575 1324 653 1388 tum
678 1323 923 1388 mensuratum
948 1322 993 1389 ad
1017 1323 1110 1390 iusto
1134 1323 1221 1408 pede
1245 1342 1391 1390 manum
1414 1322 1537 1390 omini.
1563 1341 1603 1389 ec
1627 1340 1712 1388 vero
1735 1319 1942 1405 supradicta
1965 1321 2064 1385 terra
2091 1337 2170 1385 cum
2197 1333 2306 1382 casa.
2338 1369 2345 1382 .
2376 1369 2382 1382 .
2412 1371 2419 1383 .

576 1474 735 1562 qualiter
758 1474 922 1541 conciata
945 1477 982 1541 et
997 1474 1161 1542 edificata
1184 1478 1239 1543 est
1261 1493 1325 1562 per
1349 1478 1423 1562 ipse
1446 1475 1527 1542 finis
1551 1473 1785 1541 etmensuria
1807 1475 1937 1540 etcum
1962 1471 2084 1538 omnia
2100 1472 2197 1538 intro
2223 1489 2261 1537 se
2278 1473 2423 1536 aventes

574 1622 808 1713 omnibusque
833 1626 907 1694 suis
931 1627 1170 1713 pertinentiis
1194 1631 1231 1695 et
1254 1628 1436 1695 cum'vice
1459 1627 1502 1695 de
1526 1628 1601 1714 ipso
1626 1627 1800 1702 anditum,
1817 1625 1978 1692 inclitam
2003 1623 2105 1690 illam
2129 1621 2227 1688 vobis
2251 1619 2422 1687 nominati

575 1749 723 1846 iohanni
747 1781 784 1845 et
806 1777 979 1864 gaiderisi
1004 1779 1296 1847 venumdedimus
1319 1781 1364 1848 ad
1388 1780 1564 1848 securiter
1587 1785 1623 1847 et
1645 1781 1796 1848 firmiter
1820 1779 1944 1846 amodo
1980 1782 2016 1845 et
2040 1793 2180 1862 semper
2217 1793 2276 1842 vos
2312 1775 2423 1840 nomi-

576 1931 653 1997 nati
678 1931 826 1998 iohanni
850 1934 887 1999 ct
910 1931 1081 2018 gaiderisi
1106 1935 1143 1999 et
1158 1934 1286 2000 vestris
1309 1934 1474 2002 eredibus
1490 1935 1591 2002 illam
1616 1933 1805 2010 abendum,
1824 1931 2081 2000 dominandum
2104 1932 2141 1996 et
2156 1927 2276 1995 omnia
2292 1926 2421 1994 exinde

577 2082 778 2151 faciendum
802 2085 895 2170 quod
919 2085 1118 2162 volueritis,
1133 2089 1266 2173 absque
1288 2087 1386 2152 omni
1410 2088 1532 2153 nostra
1556 2091 1593 2152 et
1616 2086 1660 2152 de
1683 2085 1814 2153 nostris
1839 2084 2015 2159 eredibus‚
2035 2084 2098 2149 aut
2120 2081 2251 2167 cuiqua
2273 2079 2423 2147 homini·

576 2239 640 2302 bus
663 2236 923 2304 contrarietate
947 2239 1004 2304 vel
1028 2219 1272 2324 requisitione.
1314 2239 1412 2305 Unde
1437 2258 1500 2324 pro
1524 2236 1804 2304 confirmandam
1828 2237 1865 2300 el
1887 2233 2178 2300 staviliseendam
2215 2249 2279 2300 ane
2302 2234 2424 2299 nostra

575 2389 777 2456 venditione
801 2408 896 2456 nunc
921 2408 943 2456 a
966 2392 1142 2476 presentis
1166 2391 1365 2477 recepimus
1389 2410 1452 2458 nos
1476 2409 1498 2456 a
1522 2409 1581 2456 vos
1606 2387 1780 2455 nominati
1810 2385 1957 2454 iohanni
1991 2389 2028 2452 et
2054 2385 2226 2472 gaiderisi
2250 2379 2327 2451 auri
2352 2383 2422 2450 tari

575 2541 655 2608 voni
680 2543 856 2620 sedecim,
882 2543 976 2610 sicut
999 2543 1093 2611 inter
1117 2542 1216 2611 nobis
1240 2547 1419 2611 combcnit
1442 2543 1480 2610 in
1503 2543 1617 2610 omnis
1641 2541 1923 2626 deliveratione,
1949 2541 1992 2608 de
2017 2560 2088 2626 qua
2112 2559 2174 2607 nos
2197 2538 2423 2625 supradictus

575 2669 748 2762 iohannes
772 2699 809 2763 et
831 2697 941 2782 gaido
962 2716 1025 2782 per
1049 2718 1142 2765 vona
1165 2698 1415 2766 convenientia
1438 2697 1608 2782 guadiam
1645 2697 1741 2762 vobis
1764 2694 1960 2780 supradicti
1996 2693 2144 2760 iohanni
2181 2696 2218 2758 et
2251 2692 2421 2778 gaiderisi

573 2847 736 2915 dedimus
752 2850 795 2914 et
818 2851 1053 2918 mediatorem
1077 2853 1176 2920 vobis
1199 2851 1380 2939 posuimus
1404 2851 1576 2917 iohannes
1599 2850 1695 2916 filius
1719 2848 1896 2934 quondam
1923 2848 1997 2914 ursi
2021 2850 2056 2913 et
2087 2865 2152 2914 nos
2176 2846 2274 2932 ipsis.
2299 2847 2336 2912 et
2358 2865 2422 2930 per

573 3003 698 3069 eadem
721 3002 889 3088 guadiam
915 3005 1239 3089 obligavimusnos
1263 3009 1299 3072 et
1323 3006 1454 3072 nostris
1488 3004 1656 3070 eredibus
1680 3003 1805 3069 amodo
1840 3005 1877 3076 et
1900 3020 2046 3088 semper
2085 3001 2304 3068 defensemus
2327 2997 2423 3064 vobis

575 3153 773 3238 vestrisque
797 3153 963 3220 eredibus
986 3156 1062 3222 tota
1084 3158 1121 3221 et
1144 3155 1274 3222 inclita
1296 3155 1542 3241 suprascripta
1565 3157 1664 3246 terra
1688 3173 1769 3260 cum
1793 3170 1877 3220 casa
1900 3171 1964 3238 per
1990 3153 2256 3238 suprascriptas
2278 3152 2365 3218 fines
2387 3155 2423 3214 et

482 3335 488 3350 =
573 3323 772 3381 mensuras,
787 3305 944 3390 qualiter
967 3309 1130 3392 superius
1152 3309 1298 3393 legitur,
1313 3328 1393 3374 cum
1418 3308 1495 3374 vice
1518 3308 1561 3374 de
1585 3307 1660 3393 ipso
1684 3307 1846 3374 anditum
1870 3307 1917 3373 da
1940 3325 2024 3392 pars
2047 3305 2090 3372 de
2108 3305 2278 3372 uxoribus
2302 3308 2421 3372 nostre

571 3460 610 3522 et
632 3457 678 3522 da
702 3458 856 3543 riganda
879 3459 1056 3543 genitrice
1081 3465 1214 3537 nostra,
1234 3461 1362 3526 relicta
1385 3459 1619 3545 suprascripti
1644 3457 1916 3542 teuderici,illia
1940 3457 2116 3543 quondam
2141 3457 2301 3534 iohanni,
2318 3459 2355 3522 et
2376 3457 2421 3524 da

573 3611 689 3676 omnis
712 3612 846 3678 omines
870 3613 1038 3698 omnique
1062 3613 1237 3698 partibus,
1256 3617 1293 3680 et
1316 3615 1457 3700 quando
1481 3631 1629 3699 pervus
1653 3611 1739 3696 ipsis
1763 3611 1806 3676 de
1829 3610 2075 3696 suprascripta
2100 3613 2223 3676 nostra
2239 3610 2422 3677 vindictis·

574 3781 618 3826 ne
643 3761 827 3828 volueritis
851 3762 933 3828 inde
957 3766 1049 3830 esset
1072 3765 1230 3831 auctoris
1254 3737 1290 3831 et
1313 3765 1520 3842 defensoris,
1545 3767 1756 3850 potestatem
1780 3763 1918 3830 aveatis
1952 3763 2164 3830 omnimodis
2187 3761 2318 3828 exinde
2340 3781 2423 3828 cau-

572 3933 654 3980 sare
678 3917 714 3980 et
737 3915 841 3982 finem
866 3917 996 3994 facere,
1023 3917 1180 4002 qualiter
1204 3917 1401 3995 volueritis,
1428 3939 1508 3985 cum
1532 3918 1602 3984 ista
1625 3921 1727 3986 carta
1751 3924 1890 3986 etcum
1923 3921 2087 3985 omnibus
2109 3918 2363 3986 muniminibus
2386 3918 2423 3980 ct

545 4093 548 4098 ·
575 4067 786 4144 rationibus,
813 4087 901 4154 quas
925 4069 1006 4135 inde
1031 4089 1138 4137 avere
1161 4071 1363 4156 potueritis;
1389 4073 1492 4148 etsi,
1517 4046 1613 4138 sicut¹
1634 4071 1798 4157 superius
1821 4073 1983 4157 legitur,
2013 4091 2076 4139 nos
2100 4074 2137 4138 et
2159 4072 2288 4139 nostris
2311 4070 2423 4138 eredi-

574 4222 638 4286 bus
662 4221 746 4286 illut
768 4219 865 4289 vobis
890 4223 1088 4309 vestrisque
1112 4223 1276 4290 eredibus
1300 4243 1370 4290 non
1393 4207 1707 4302 defensaverimus,
1725 4229 1762 4292 et
1785 4226 1916 4312 aliquit
1938 4227 1994 4292 vel
2016 4225 2147 4292 exinde
2162 4243 2343 4292 removere
2358 4228 2422 4292 aut

572 4375 819 4442 contradicere
842 4377 1138 4461 presumserimus
1161 4397 1225 4463 per
1249 4381 1505 4466 qualecumque
1530 4379 1688 4455 ratione,
1714 4397 1778 4464 per
1803 4398 1893 4446 vona
1916 4379 2193 4456 convenientia,
2219 4383 2256 4446 et
2278 4397 2342 4466 per
2365 4395 2422 4444 su-

573 4529 812 4614 prascriptam
836 4530 1006 4615 guadiam
1030 4550 1241 4616 componere
1264 4532 1502 4618 obligavimus
1526 4551 1589 4599 nos
1618 4533 1822 4618 supradicto
1846 4533 2020 4600 iohannes
2043 4535 2080 4599 et
2105 4532 2210 4618 gaido
2233 4535 2270 4598 et
2293 4533 2421 4600 nostris

573 4679 737 4747 eredibus
761 4681 859 4748 vobis
883 4681 1059 4749 nominati
1082 4682 1229 4748 iohanni
1254 4685 1291 4749 et
1313 4683 1503 4768 gaiderissi
1527 4686 1564 4749 et
1587 4684 1632 4750 ad
1656 4685 1784 4750 vestris
1821 4683 1986 4751 eredibus
2025 4684 2294 4770 quinquaginta
2316 4685 2422 4752 hauri

572 4829 703 4900 solidos
725 4833 981 4910 constantinos;
998 4837 1035 4900 et
1049 4836 1181 4912 omnia,
1206 4837 1300 4904 sicut
1313 4841 1478 4924 superius
1501 4837 1649 4922 legitur,
1669 4837 1766 4904 vobis
1790 4837 2061 4923 adimpleamus.
2073 4839 2109 4904 et
2125 4840 2251 4906 taliter
2266 4840 2422 4908 scribere

577 4983 781 5068 rogavimus
804 4988 840 5052 te
864 4989 1095 5073 truppoaldus
1119 4991 1292 5068 notarius,
1318 4993 1438 5058 actum
1462 4992 1618 5058 salerno.

624 5133 652 5222 †
676 5137 749 5221 Ego
773 5137 945 5206 iohannes
968 5142 1129 5209 notarius
1152 5162 1217 5223 me
1232 5143 1438 5230 subscripsi.

620 5285 744 5376 †Ego
772 5289 932 5387 alderissi
957 5295 1118 5362 notarius
1141 5313 1196 5402 me
1220 5295 1424 5383 subscripsi.
