5454 7104
1012 457 1423 534 uleluun‘rlcus

1161 758 1319 839 MCX

1087 1039 1147 1114 A.
1174 1035 1231 1112 D.
1259 1039 1384 1114 1048

358 1263 385 1353 †
410 1267 448 1331 ln
472 1266 614 1336 nomine
640 1269 773 1337 domini
798 1269 977 1338 tricesimo
1001 1271 1113 1358 primo
1137 1292 1231 1339 anno
1265 1273 1488 1360 principatus
1514 1273 1633 1340 domni
1660 1272 1772 1340 nostri
1796 1271 1993 1339 Guaimarii
2016 1272 2161 1358 gloriosi

311 1418 495 1506 principie,
521 1424 558 1488 61
580 1421 717 1488 decimo
741 1443 834 1490 anno
858 1424 1007 1492 ducatus
1031 1425 1107 1492 6166
1130 1427 1267 1493 amalfis
1291 1430 1327 1522 et
1349 1425 1511 1501 sirrenti,
1536 1428 1572 1491 61
1595 1424 1747 1512 septimo
1771 1445 1864 1491 anno
1888 1425 2110 1512 principatus
2133 1428 2170 1492 et

308 1575 466 1661 ipsorum
490 1577 682 1644 ducatuum
708 1577 827 1646 domni
839 1575 956 1664 gisulfi
968 1574 1087 1645 eximii
1104 1579 1277 1666 principis
1300 1582 1336 1644 et
1359 1579 1459 1644 ducis
1472 1577 1537 1644 tllii
1551 1581 1640 1654 eius,
1667 1595 1785 1644 mense
1798 1545 1988 1654 decembri,
2014 1579 2169 1646 secunda

308 1731 515 1798 indictione.
539 1731 648 1800 Michi
671 1732 820 1800 adelferi
844 1733 984 1800 diaconi
1008 1734 1300 1820 archipresbiteri
1313 1736 1349 1800 et
1363 1732 1483 1800 abbati
1506 1732 1654 1799 ecclesie
1679 1732 1795 1798 sancti
1819 1733 1980 1810 maximi,
2007 1753 2168 1820 666666-

308 1887 448 1952 6166616
471 1885 645 1952 66116166
668 1888 761 1970 16666
784 1906 807 1953 6
830 1886 894 1954 666
918 1889 1165 1954 conserbatam
1188 1886 1449 1952 salernitanam
1474 1885 1668 1960 civitatem,
1695 1889 1731 1952 et
1754 1904 1832 1952 sum
1858 1905 1968 1952 unum
1992 1887 2035 1952 de
2058 1887 2167 1953 domi-

308 2037 378 2104 niis
401 2035 512 2122 ipsius
535 2037 696 2124 ecclesie,
713 2039 811 2106 dedit
835 2041 956 2126 potrus
973 2039 1081 2106 iudex
1096 2038 1190 2104 filius
1214 2039 1390 2125 quondam
1407 2038 1597 2124 grimoaldi
1614 2039 1806 2124 sexaginta
1829 2039 1909 2105 auri
1925 2040 2064 2116 solidos,
2082 2024 2165 2128 666-

222 2253 225 2262 ,
307 2209 385 2258 rum
412 2190 561 2277 quisque
587 2192 742 2258 habebat
765 2194 908 2259 tarenos
931 2194 1038 2259 bonos
1062 2193 1241 2278 quattuor,
1270 2189 1469 2256 laciendum
1493 2208 1539 2256 ex
1564 2189 1647 2276 ipsis
1670 2192 1792 2258 solidis
1816 2193 1907 2280 quod
1932 2193 2161 2260 voluerimus.

308 2348 352 2412 Et
374 2365 440 2434 ego
463 2365 527 2434 pro
551 2346 675 2412 taliter
690 2364 755 2432 per
778 2343 1024 2412 convenientia
1048 2345 1225 2414 tradidiei
1238 2345 1280 2412 (16
1295 2348 1400 2412 rebus
1423 2346 1623 2424 stabilibus,
1642 2367 1729 2434 quas
1746 2367 1828 2434 pars
1845 2349 2002 2436 predicte
2018 2349 2163 2416 ecclesie

309 2502 421 2568 babet
443 2500 482 2568 16
504 2501 581 2568 1666
598 2500 754 2576 6666616,
775 2504 811 2567 61
834 2519 898 2586 per
914 2501 1085 2568 vocabula
1101 2500 1210 2586 ipsius
1233 2501 1319 2568 locis
1343 2505 1379 2568 ot
1402 2501 1489 2590 ipsis
1514 2505 1629 2580 rebus,
1656 2524 1743 2590 quas
1767 2505 1800 2570 ei
1824 2505 1966 2581 tradidi,
1992 2509 2076 2572 sunt
2098 2527 2163 2592 por

309 2654 551 2722 nominatibas
574 2657 682 2726 locas.
703 2657 742 2722 ln
765 2655 890 2742 primis
913 2655 1056 2741 integra
1080 2656 1181 2720 curte
1205 2654 1248 2721 de
1272 2655 1394 2722 eodem
1418 2655 1495 2721 loco
1519 2655 1579 2724 ubi
1604 2657 1724 2742 agella
1748 2657 1891 2734 dicitnr,
1911 2677 2016 2743 quam
2035 2657 2166 2723 retinet

306 2813 537 2895 perbrebem
561 2809 607 2878 ad
630 2810 864 2879 laborandum
888 2809 1075 2886 bassallus,
1102 2811 1138 2874 et
1161 2808 1345 2884 iohannes,
1371 2810 1408 2873 61
1432 2808 1605 2875 ademarii
1629 2809 1668 2875 in
1693 2813 1811 2876 monte
1835 2813 1871 2877 et
1894 2811 1931 2878 in
1955 2811 2075 2896 plano,
2100 2830 2165 2878 66-

304 2966 406 3049 cepto
432 2962 475 3029 de
499 2963 576 3049 ipsa
600 2965 700 3029 curte
716 2963 858 3047 integro
882 2961 1063 3039 beneflcio,
1090 2961 1182 3048 quod
1198 2981 1221 3027 a
1244 2979 1327 3048 pars
1343 2961 1585 3046 suprascripte
1609 2961 1758 3028 66616616
1776 2963 1908 3028 6611661
1931 2964 2164 3050 truppoaldus

304 3117 457 3184 clericus
480 3115 575 3184 nlius
598 3115 775 3204 quondam
800 3116 875 3182 ursi
910 3114 1110 3202 presbiteri.
1149 3116 1193 3178 ut
1216 3110 1348 3180 tradidi
1372 3113 1405 3178 61
1430 3113 1608 3198 integram
1644 3114 1871 3181 medietatem
1906 3115 1949 3180 de
1973 3115 2104 3182 molino
2127 3120 2163 3182 et

305 3271 452 3348 susario,
479 3270 570 3357 quod
593 3271 795 3337 constructe
818 3269 902 3334 6661
925 3267 963 3334 16
987 3267 1108 3334 eodem
1131 3257 1221 3342 1666,
1246 3267 1282 3331 61
1304 3264 1388 3331 11161
1412 3266 1543 3332 6611661
1566 3267 1633 3352 ipsi
1660 3266 1893 3338 bassallusot
1917 3267 2101 3344 iohannes,
2127 3273 2163 3336 et

306 3423 450 3509 integra
472 3422 575 3509 pecia
598 3421 641 3488 de
665 3423 767 3488 terra
783 3439 897 3486 vacua
921 3437 1027 3505 quam
1052 3418 1184 3484 retinet
1206 3419 1341 3504 petrus,
1360 3436 1428 3502 666
1446 3417 1580 3484 dicitur
1595 3418 1778 3494 carbania,
1797 3418 1996 3504 propinqua
2011 3417 2162 3484 eeclesia

306 3577 423 3644 sancti
447 3575 553 3663 petri,
579 3577 615 3640 et
638 3573 780 3658 integre
803 3571 871 3638 due
894 3567 1002 3658 peciis
1029 3569 1072 3636 de
1096 3569 1201 3636 terris
1224 3589 1334 3636 66666
1358 3589 1381 3635 6
1404 3569 1442 3636 16
1465 3571 1559 3646 labe,
1589 3570 1648 3638 ubi
1672 3569 1814 3657 proprio
1842 3571 1992 3656 puciano
2015 3572 2158 3647 dicitur,

306 3750 413 3818 quam
430 3730 562 3820 retinet
577 3727 811 3815 truppoaldus
834 3729 871 3792 et
894 3725 1085 3800 iohannes,
1103 3727 1139 3790 et
1156 3725 1230 3790 1616
1246 3723 1319 3790 6116
1334 3726 1437 3810 pecia
1460 3724 1503 3792 de
1520 3727 1618 3791 terra
1633 3744 1713 3790 cum
1729 3727 1924 3803 castaneto,
1944 3726 2002 3792 ubi
2019 3729 2161 3812 proprio

250 3969 251 3974 ἵ
303 3885 351 3952 ad
373 3887 560 3972 petrurum
584 3881 727 3958 dicitur,
747 3899 854 3967 quam
871 3877 1028 3944 retinent
1051 3877 1120 3963 ipsi
1144 3877 1377 3963 truppoaldus
1401 3879 1437 3944 61
1462 3877 1651 3955 16666666,
1670 3880 1706 3944 61
1729 3878 1872 3965 integra
1895 3880 2051 3968 peciade
2066 3885 2162 3948 16666

303 4058 385 4105 cum
402 4037 616 4122 abellaneto‚
645 4035 703 4102 ubi
720 4034 764 4101 ad
789 4033 981 4120 pratellum
998 4035 1158 4108 vocatur,
1186 4051 1293 4120 quam
1309 4033 1467 4100 retinent
1483 4033 1597 4102 amori
1614 4036 1650 4100 et
1673 4034 1855 4122 166616166
1870 4035 1935 4101 filii
1952 4035 2158 4112 dumnandi,

304 4195 342 4260 61
365 4175 491 4259 1661116
515 4193 617 4278 pecia
640 4191 683 4258 de
706 4192 806 4257 terra
829 4208 909 4255 cum
934 4188 1137 4255 abellaneto
1161 4187 1203 4253 de
1228 4187 1349 4253 eodem
1373 4188 1449 4254 loco
1473 4189 1638 4274 pratello,
1665 4208 1772 4276 quam
1797 4189 1954 4256 retinent
1977 4189 2159 4268 1616666666,

302 4345 364 4432 661
387 4345 502 4412 dictus
525 4347 579 4411 est
602 4343 800 4419 mancione,
826 4344 862 4408 61
884 4343 1006 4427 petrus
1029 4339 1072 4405 de
1096 4335 1262 4417 ruscinio,
1288 4343 1324 4405 et
1348 4342 1424 4407 tota
1449 4341 1550 4428 pecia
1576 4342 1618 4409 de
1642 4346 1754 4420 terra,
1781 4343 1841 4410 ubi
1865 4343 2007 4430 proprio
2030 4363 2157 4430 campu

302 4501 443 4570 maione
467 4499 637 4575 vocatur,
664 4517 771 4584 quam
796 4497 952 4564 retinent
975 4499 1122 4565 heredes
1151 4493 1299 4562 iohanni
1321 4494 1467 4574 clerici,
1492 4498 1531 4561 61
1554 4495 1697 4581 integra
1719 4497 1821 4583 pecia
1844 4495 1887 4564 de
1911 4501 2008 4564 terra
2031 4516 2156 4573 vacua,

309 4655 367 4722 ubi
391 4653 534 4741 proprio
559 4671 653 4740 aqua
678 4652 760 4720 biba
783 4652 926 4729 dicitur,
952 4671 1058 4740 quam
1084 4654 1214 4719 retinet
1239 4651 1427 4728 iohannes,
1453 4652 1514 4739 qui
1538 4653 1653 4719 dictus
1676 4654 1730 4718 est
1753 4653 1949 4739 trappulu,
1974 4655 2010 4718 et
2033 4651 2158 4719 inclita

304 4808 407 4896 pecia
429 4807 472 4874 de
496 4811 595 4874 terra
619 4826 731 4874 vacua
757 4807 819 4872 ubi
843 4807 895 4874 ad
912 4807 1111 4872 cancellum
1136 4805 1280 4882 dicitur,
1307 4808 1442 4872 611616
1466 4804 1568 4890 pecia
1598 4804 1641 4870 de
1665 4807 1764 4871 16666
1788 4825 1913 4872 vacua.
1940 4806 1999 4872 ubi
2023 4826 2157 4874 anzano

305 4967 464 5040 vocatur,
490 4965 526 5029 et
549 4962 631 5030 illas
655 4961 814 5028 retinent
837 4961 986 5028 heredes
1003 4961 1161 5047 guisonis
1185 4964 1222 5028 61
1244 4961 1376 5047 alperti
1401 4961 1445 5028 de
1468 4960 1644 5036 malluni;
1670 4962 1707 5026 et
1729 4960 1873 5045 integra
1888 4959 1989 5046 pecia
2012 4981 2079 5048 666
2103 4965 2157 5028 661

303 5118 348 5184 ad
372 5120 533 5184 sanctum
551 5117 821 5208 archangelum,
840 5133 945 5202 qnam
970 5115 1103 5182 retinet
1118 5113 1339 5190 dominicus,
1366 5117 1401 5179 et
1425 5113 1569 5198 integra
1584 5115 1683 5180 16666
1706 5132 1786 5179 cum
1810 5113 1987 5200 666661616
2011 5117 2047 5181 61
2062 5116 2157 5182 abel-

304 5274 438 5366 laneto‚
465 5270 524 5337 ubi
548 5269 691 5358 proprio
714 5269 759 5336 ad
782 5270 984 5342 cancellata
1007 5267 1151 5344 dicitur,
1178 5284 1285 5354 quarn
1309 5266 1468 5334 retinent
1491 5267 1639 5333 heredes
1663 5267 1793 5342 666661,
1807 5267 1868 5354 661
1892 5267 2082 5336 1116166661
2106 5267 2156 5335 bi-

302 5425 416 5496 66166,
441 5428 478 5491 61
500 5423 669 5511 gaiderisi
691 5425 756 5492 fllii
780 5423 915 5512 luponi,
934 5425 970 5490 61
993 5426 1084 5490 mari
1108 5425 1325 5508 congnatum
1350 5421 1460 5508 ipsius
1483 5419 1666 5507 ga'derisi‚
1685 5423 1721 5487 et
1744 5422 1923 5488 balsamus
1946 5421 2012 5488 filii
2035 5423 2155 5490 teude-
2252 5505 2254 5509 Ι

300 5580 379 5654 6161,
406 5581 443 5645 61
466 5577 615 5657 6166666,
642 5578 703 5666 661
726 5577 841 5644 dictus
864 5579 918 5644 est
942 5575 1108 5661 ardingn,
1126 5579 1162 5643 61
1185 5575 1367 5663 iaquintus
1390 5576 1497 5654 61666,
1515 5579 1551 5642 61
1574 5577 1628 5642 166
1644 5575 1844 5664 quidictus
1859 5579 1913 5642 est
1927 5595 2151 5653 sarracenus

299 5738 338 5801 61
360 5735 502 5802 auratus
525 5733 586 5820 qui
609 5733 724 5800 dictus
748 5736 801 5800 est
825 5731 976 5808 aimone,
994 5734 1031 5797 et
1053 5731 1179 5799 inclita
1203 5735 1302 5798 terra
1324 5752 1404 5798 cum
1428 5731 1583 5800 arbustis
1606 5734 1643 5798 et
1666 5751 1829 5810 vacuum,
1848 5752 1915 5820 666
1939 5737 1992 5799 661
2015 5732 2054 5799 in
2078 5735 2153 5800 loeo
2216 5819 2218 5824 Ι
