5454 7104
1016 499 1421 576 blllbbullclls
2073 503 2117 575 rt

312 693 386 780 ipse
409 715 567 764 sesamus
591 696 826 784 compreensit
850 714 912 782 pro
936 699 1043 782 parte
1067 714 1133 764 sua
1163 701 1199 763 et
1223 715 1286 784 pro
1310 699 1413 782 parte
1438 696 1480 762 de
1504 695 1572 782 ipsi
1596 695 1780 782 nepotibus
1818 697 1948 764 nostris
1978 697 2046 764 due
2069 697 2175 764 sortis

314 850 352 916 in
376 853 478 938 parte
501 849 775 936 septemtrionis,
793 852 830 916 ot
854 849 963 918 michi
987 849 1162 918 dederunt
1188 853 1224 916 et
1248 851 1479 918 tradiderunt
1502 849 1539 917 in
1562 853 1657 918 sorte
1681 869 1760 918 mea
1784 869 1857 918 una
1880 853 1986 928 sorte,
2005 852 2097 939 quod
2120 855 2176 919 est

314 1007 458 1072 tertiam
469 1009 571 1092 parte
584 1025 606 1071 a
617 1009 720 1091 parta
735 1004 894 1072 meridie.
920 1007 1010 1071 Nan
1029 1005 1107 1090 ipsa
1124 1004 1199 1070 alia
1213 1009 1318 1072 rebus
1331 1005 1423 1091 quud
1436 1007 1535 1073 nolis
1547 1005 1705 1092 pertinet
1721 1008 1829 1088 abere
1842 1007 1887 1074 da
1904 1007 2071 1092 partibus
2083 1027 2174 1074 uxo-

314 1161 412 1227 ribus
424 1159 566 1236 nostris,
592 1178 659 1245 que
671 1163 756 1226 sunt
767 1159 902 1234 eredes,
918 1161 1017 1245 prius
1032 1159 1225 1238 veneuioti,
1239 1161 1276 1238 et
1289 1160 1334 1226 da
1347 1160 1522 1246 genitrice
1535 1161 1646 1248 ipsius
1660 1162 1842 1240 mulieres,
1867 1184 1973 1251 quem
1988 1164 2087 1230 modo
2102 1181 2172 1228 non

311 1313 531 1390 dividimus,
566 1314 777 1400 ubicumque
811 1315 854 1382 de
879 1315 957 1402 ipsa
981 1318 1085 1383 rebus
1109 1316 1321 1402 ubicumque
1346 1316 1513 1383 iubentus
1548 1315 1686 1384 dederit
1709 1335 1773 1402 per
1798 1320 1873 1384 tota
1896 1319 1982 1384 tlnes
2006 1316 2085 1384 uius
2110 1337 2175 1384 nu-

313 1467 421 1544 cerie,
447 1467 485 1535 in
509 1469 684 1536 montibus
708 1487 813 1556 quam
838 1467 934 1535 etin
958 1469 1103 1554 planiS,
1141 1472 1178 1536 et
1200 1490 1264 1558 per
1288 1471 1460 1538 vocabula
1484 1472 1597 1538 eidem
1622 1471 1708 1538 locis
1732 1478 1767 1536 et
1790 1471 2018 1557 pertinentiis
2041 1473 2085 1540 de
2109 1471 2174 1539 mi-

314 1622 453 1698 tiliano‚
478 1641 540 1690 seu
564 1623 601 1689 in
624 1643 782 1710 cappara
805 1625 847 1690 de
871 1625 978 1700 stabi,
996 1623 1046 1690 sic
1070 1628 1107 1691 et
1129 1625 1215 1692 illut
1238 1629 1407 1693 abeamus
1432 1630 1468 1693 et
1491 1626 1732 1714 possideamus
1748 1627 1845 1694 omni
1864 1628 2021 1712 tempore
2045 1625 2084 1693 in
2100 1630 2173 1694 tres

309 1779 419 1846 sortis
441 1779 530 1846 flant
551 1779 648 1847 inter
672 1801 734 1848 nos
757 1781 885 1858 dibisu‚
911 1779 1003 1848 siout
1026 1785 1062 1848 et
1086 1781 1201 1866 ipsum
1225 1779 1329 1856 aliut,
1357 1783 1515 1867 qualiter
1540 1783 1640 1848 modo
1665 1781 1865 1849 dividimus,
1892 1783 1937 1847 Et
1960 1783 2039 1868 ipsa
2063 1782 2175 1849 moni-

315 1933 424 2008 mina,
450 1937 643 2019 quemodo
668 1939 750 2002 abet
773 1936 847 2023 ipse
870 1955 1028 2004 sesamus
1052 1939 1271 2023 pertinentes
1295 1937 1337 2004 de
1362 1937 1439 2024 ipsa
1463 1939 1587 2004 eadem
1613 1941 1736 2012 rebus,
1764 1941 1803 2002 ut
1827 1938 1967 2024 qrrando
1993 1934 2091 2004 nobis
2115 1938 2173 2005 vel

315 2109 337 2155 a
361 2091 490 2157 nostris
514 2091 676 2160 eredibus
701 2111 883 2159 necessum
907 2097 961 2159 est
984 2112 1047 2179 pro
1072 2093 1211 2180 aliquot
1234 2112 1368 2168 causa,
1395 2093 1437 2160 de
1462 2093 1540 2179 ipsa
1564 2096 1669 2160 rebus
1693 2113 1837 2179 presens
1863 2091 2051 2160 remittant
2074 2094 2174 2162 nobis

315 2247 392 2331 ipsa
416 2245 610 2310 monimina
632 2246 676 2312 de
699 2247 777 2332 ipsa
800 2245 961 2331 predicta
986 2248 1102 2321 rebus
1128 2245 1174 2312 ad
1198 2248 1372 2332 potestate
1389 2249 1511 2312 nostra
1534 2247 1592 2311 vel
1616 2247 1658 2312 de
1684 2245 1813 2312 nostris
1836 2245 2018 2320 eredibus‚
2037 2249 2075 2312 et
2092 2245 2169 2314 uni-

315 2405 370 2466 ter
394 2403 587 2478 nobiscum,
613 2404 669 2467 vel
693 2421 772 2468 cum
797 2401 927 2470 nostris
951 2402 1142 2478 erullbus,
1169 2401 1298 2468 exinde
1323 2420 1472 2468 causare
1497 2404 1533 2467 et
1555 2402 1624 2467 fine
1649 2403 1766 2468 lacere
1791 2401 1972 2468 nobiscum
1998 2400 2093 2468 iusta
2117 2422 2176 2468 ra-

315 2553 438 2630 tione,
474 2559 511 2622 et
533 2557 563 2623 si
587 2557 693 2642 quale
717 2561 819 2643 parte
843 2557 885 2622 de
909 2560 1053 2624 nosvel
1086 2554 1129 2621 de
1154 2557 1284 2624 nostris
1307 2555 1472 2622 eredibus
1497 2555 1579 2622 inde
1603 2555 1647 2620 ad
1672 2573 1793 2620 veram
1817 2557 1853 2620 et
1876 2553 2066 2621 diffinitam
2090 2557 2172 2640 lege

314 2710 444 2776 exinde
458 2712 728 2796 perdiderimus,
745 2731 833 2779 unus
849 2715 1000 2780 alterius
1012 2715 1107 2779 inter
1120 2733 1182 2778 nos
1199 2715 1440 2780 restauremus
1453 2711 1547 2778 iusta
1560 2711 1711 2786 ratione;
1737 2713 1773 2776 et
1786 2709 1846 2776 ubi
1859 2708 1983 2776 taliter
1995 2711 2064 2776 fine
2078 2711 2174 2775 sacta

315 2869 496 2942 habemus,
522 2863 598 2954 ipsa
622 2869 816 2934 monimina
837 2868 934 2934 omni
958 2871 1114 2953 tempore
1138 2869 1240 2934 salba
1264 2870 1443 2936 internos
1466 2871 1663 2942 abeamus,
1689 2868 1765 2934 sine
1789 2866 1889 2933 cuius
1914 2863 2063 2932 alterius
2087 2885 2172 2932 con·

315 3020 529 3098 trarietate3
570 3025 606 3088 et
629 3022 703 3108 ipse
726 3023 832 3089 sortis
857 3023 948 3110 quod
972 3042 1036 3108 per
1059 3026 1179 3108 partes
1212 3023 1358 3090 lecimus
1382 3025 1418 3089 et
1442 3023 1732 3110 compreensimus
1768 3043 1831 3108 per
1856 3025 1976 3107 partes
2011 3021 2092 3087 illut
2114 3038 2175 3086 eos

314 3177 488 3243 abendum
512 3177 549 3241 et
571 3175 824 3243 dominandum
848 3197 927 3243 cum
951 3178 1071 3242 omnia
1094 3175 1189 3243 intro
1214 3151 1282 3262 que
1307 3195 1386 3242 eam
1410 3179 1513 3252 sunt,
1539 3179 1678 3242 etcum
1703 3175 1833 3242 nostris
1857 3174 2110 3261 pertinentia,
2137 3177 2176 3240 et

314 3349 393 3396 cum
417 3329 496 3398 bice
519 3331 563 3398 de
587 3330 654 3398 viis
676 3332 751 3398 suis
773 3331 948 3398 securiter
971 3334 1007 3397 et
1030 3331 1180 3398 firmiter
1205 3335 1375 3398 abeamus
1400 3351 1461 3398 nos
1485 3334 1522 3397 et
1545 3331 1676 3398 nostris
1700 3331 1893 3406 eredibus‚
1918 3330 1996 3398 sine
2020 3349 2093 3396 una
2116 3330 2173 3396 vel

314 3483 387 3552 alia
410 3487 513 3572 parte
537 3485 790 3552 contrarietate
814 3485 869 3549 vel
894 3483 1139 3571 requisitione.
1181 3483 1279 3550 Unde
1303 3503 1366 3569 pro
1391 3485 1516 3552 taliter
1539 3503 1603 3570 per
1628 3486 1719 3550 bona
1742 3483 2005 3550 combenientia
2039 3482 2175 3568 guadia

312 3638 400 3706 mihi
422 3638 497 3726 ipse
520 3657 678 3706 sesamus
701 3637 799 3704 dedit
821 3657 884 3722 pro
908 3639 1098 3722 partesue
1121 3641 1157 3702 et
1181 3657 1243 3724 pro
1268 3639 1370 3723 parte
1394 3637 1437 3704 de
1460 3633 1526 3724 ipsi
1551 3637 1737 3724 nepotibus
1760 3637 1853 3714 suis,
1872 3640 1908 3704 et
1930 3635 2162 3704 ildeiuxorem

315 3791 422 3860 michi
445 3793 563 3878 posuit
586 3793 765 3876 lrapertus
787 3790 881 3856 illius
906 3789 1083 3875 quondam
1106 3792 1235 3858 sesami
1260 3789 1303 3856 de
1326 3791 1448 3858 eodem
1472 3791 1586 3857 locum
1606 3790 1787 3868 nuceria,
1823 3792 1860 3854 et
1883 3807 1947 3875 per
1981 3789 2059 3874 ipsa
2085 3807 2176 3874 gua·

315 3947 375 4013 dia
397 3949 464 4013 etc.
488 3947 635 4014 Slotota
657 3947 792 4012 malcta
822 3950 966 4012 centum
996 3949 1084 4013 orari
1113 3948 1312 4013 solidorum
1345 3947 1740 4013 constaattniooormn.
1779 3947 1823 4010 m
1857 3944 2004 4030 insuper
2038 3942 2175 4028 scripta

313 4101 660 4169 divisione-firmiter
684 4100 813 4166 ibidem
838 4117 1049 4185 permanere
1073 4099 1136 4165 ille
1160 4104 1196 4166 et
1220 4099 1405 4185 nepotibus
1429 4101 1558 4166 nostris
1581 4101 1617 4165 et
1640 4098 1784 4166 illorum
1810 4097 1984 4166 eredibus

357 4255 385 4345 †
409 4257 483 4340 Ego
507 4255 569 4342 qui
592 4273 702 4340 supra
725 4255 861 4339 petrus,

1146 4739 1326 4820 MCIII

1092 4989 1151 5064 A.
1178 4985 1236 5062 D.
1263 4986 1388 5063 1048

354 5193 381 5284 †
405 5197 444 5262 In
467 5194 609 5262 nomine
631 5192 766 5261 domini
790 5191 969 5259 tricesimo
993 5210 1087 5258 anno
1103 5189 1326 5277 principatus
1342 5189 1463 5256 domni
1488 5187 1599 5255 nostri
1616 5185 1813 5273 guaimarii
1828 5183 1978 5271 gloriosi
1994 5145 2170 5272 principis

309 5355 349 5416 el
370 5349 505 5418 decimo
528 5369 620 5417 anno
644 5348 794 5416 ducatus
817 5347 893 5414 eius
917 5347 1069 5422 amalfis,
1095 5347 1131 5411 et
1154 5363 1353 5412 nonoanno
1377 5341 1527 5408 ducatus
1548 5339 1645 5407 illius
1669 5339 1830 5416 sirrenti‚
1856 5337 2057 5426 etseptimo
2073 5357 2169 5407 anno

312 5505 534 5595 principatus
557 5505 632 5572 eius
654 5505 691 5570 et
702 5503 859 5590 ipsorum
882 5499 1072 5567 ducatuum
1088 5497 1209 5565 domni
1225 5492 1342 5583 gisulfi
1366 5496 1443 5562 eius
1455 5495 1520 5562 fllii
1532 5492 1655 5563 eximii
1673 5493 1845 5581 principis
1857 5497 1894 5561 et
1906 5493 2018 5569 ducis,
2045 5511 2167 5562 mense

311 5661 441 5739 iunius,
466 5659 584 5747 prima
607 5658 813 5727 indictione.
832 5659 906 5742 Ego
930 5655 1100 5723 iohannes
1123 5651 1257 5720 domini
1273 5652 1394 5739 gratia
1409 5651 1519 5719 abbas
1536 5650 1743 5718 monasterii
1759 5653 1882 5718 sancte
1898 5651 1980 5715 selle
1996 5653 2033 5715 et
2048 5647 2167 5716 sancti

310 5815 444 5904 angeli,
469 5815 531 5902 qui
555 5810 750 5881 constructi
765 5816 849 5880 sunt
863 5812 960 5878 intus
976 5829 1043 5877 ane
1061 5808 1324 5876 salernitanam
1339 5805 1535 5883 cibitatem‚
1552 5824 1596 5872 eo
1611 5805 1702 5891 quod
1719 5807 1801 5870 ante
1817 5803 2007 5890 subscripti
2025 5803 2170 5870 idoneos
