<?xml version="1.0" encoding="UTF-8"?>
<!DOCTYPE html PUBLIC "-//W3C//DTD XHTML 1.0 Transitional//EN"
    "http://www.w3.org/TR/xhtml1/DTD/xhtml1-transitional.dtd">
<html xmlns="http://www.w3.org/1999/xhtml" xml:lang="en" lang="en">
 <head>
  <title>
</title>
<meta http-equiv="Content-Type" content="text/html;charset=utf-8" />
  <meta name='ocr-system' content='tesseract 3.04.00' />
  <meta name='ocr-capabilities' content='ocr_page ocr_carea ocr_par ocr_line ocrx_word'/>
</head>
<body>
  <div class='ocr_page' id='page_1' title='image "./codexdiplomatic01aragoog_0114.png"; bbox 0 0 5454 7104; ppageno 0'>
   <div class='ocr_carea' id='block_1_1' title="bbox 628 491 1740 567">
    <p class='ocr_par' dir='ltr' id='par_1_1' title="bbox 628 491 1740 567">
     <span class='ocr_line' id='line_1_1' title="bbox 628 491 1740 567; baseline -0.003 0"><span class='ocrx_word' id='word_1_1' title='bbox 628 491 673 567; x_wconf 75' lang='lat' dir='ltr'>la</span> <span class='ocrx_word' id='word_1_2' title='bbox 1275 492 1453 566; x_wconf 83' lang='lat' dir='ltr'>CODEX</span> <span class='ocrx_word' id='word_1_3' title='bbox 1482 493 1740 566; x_wconf 73' lang='lat' dir='ltr'>cavensis</span> 
     </span>
    </p>
   </div>
   <div class='ocr_carea' id='block_1_2' title="bbox 570 687 2430 778">
    <p class='ocr_par' dir='ltr' id='par_1_2' title="bbox 570 687 2430 778">
     <span class='ocr_line' id='line_1_2' title="bbox 570 687 2430 778; baseline 0.002 -22"><span class='ocrx_word' id='word_1_4' title='bbox 570 687 768 775; x_wconf 88' lang='lat' dir='ltr'>prascripte</span> <span class='ocrx_word' id='word_1_5' title='bbox 792 688 949 776; x_wconf 89' lang='lat' dir='ltr'>quinque</span> <span class='ocrx_word' id='word_1_6' title='bbox 973 689 1073 776; x_wconf 80' lang='lat' dir='ltr'>pecie</span> <span class='ocrx_word' id='word_1_7' title='bbox 1098 687 1141 756; x_wconf 90' lang='lat' dir='ltr'>de</span> <span class='ocrx_word' id='word_1_8' title='bbox 1166 693 1267 757; x_wconf 87' lang='lat' dir='ltr'>terra</span> <span class='ocrx_word' id='word_1_9' title='bbox 1290 708 1354 776; x_wconf 90' lang='lat' dir='ltr'>per</span> <span class='ocrx_word' id='word_1_10' title='bbox 1377 689 1473 776; x_wconf 88' lang='lat' dir='ltr'>ipsas</span> <span class='ocrx_word' id='word_1_11' title='bbox 1496 691 1582 757; x_wconf 84' lang='lat' dir='ltr'>fines</span> <span class='ocrx_word' id='word_1_12' title='bbox 1606 696 1642 756; x_wconf 87' lang='lat' dir='ltr'>et</span> <span class='ocrx_word' id='word_1_13' title='bbox 1665 691 1863 758; x_wconf 82' lang='lat' dir='ltr'>memorias</span> <span class='ocrx_word' id='word_1_14' title='bbox 1886 691 1997 778; x_wconf 87' lang='lat' dir='ltr'>ipsius</span> <span class='ocrx_word' id='word_1_15' title='bbox 2020 690 2166 758; x_wconf 78' lang='lat' dir='ltr'>iohanni</span> <span class='ocrx_word' id='word_1_16' title='bbox 2190 691 2329 758; x_wconf 89' lang='lat' dir='ltr'>diaconi</span> <span class='ocrx_word' id='word_1_17' title='bbox 2354 695 2430 760; x_wconf 90' lang='lat' dir='ltr'>tra-</span> 
     </span>
    </p>
   </div>
   <div class='ocr_carea' id='block_1_3' title="bbox 568 809 2424 934">
    <p class='ocr_par' dir='ltr' id='par_1_3' title="bbox 568 809 2424 934">
     <span class='ocr_line' id='line_1_3' title="bbox 568 809 2424 934; baseline 0.003 -24"><span class='ocrx_word' id='word_1_18' title='bbox 568 843 641 911; x_wconf 87' lang='lat' dir='ltr'>didi</span> <span class='ocrx_word' id='word_1_19' title='bbox 664 864 729 930; x_wconf 83' lang='lat' dir='ltr'>ego</span> <span class='ocrx_word' id='word_1_20' title='bbox 753 843 814 932; x_wconf 91' lang='lat' dir='ltr'>qui</span> <span class='ocrx_word' id='word_1_21' title='bbox 838 863 953 932; x_wconf 90' lang='lat' dir='ltr'>supra</span> <span class='ocrx_word' id='word_1_22' title='bbox 976 850 1087 915; x_wconf 87' lang='lat' dir='ltr'>abbas</span> <span class='ocrx_word' id='word_1_23' title='bbox 1110 866 1175 934; x_wconf 90' lang='lat' dir='ltr'>per</span> <span class='ocrx_word' id='word_1_24' title='bbox 1198 809 1455 915; x_wconf 87' lang='lat' dir='ltr'>absolutionem</span> <span class='ocrx_word' id='word_1_25' title='bbox 1479 846 1547 933; x_wconf 89' lang='lat' dir='ltr'>ipsi</span> <span class='ocrx_word' id='word_1_26' title='bbox 1570 847 1689 915; x_wconf 91' lang='lat' dir='ltr'>domni</span> <span class='ocrx_word' id='word_1_27' title='bbox 1712 848 1870 934; x_wconf 86' lang='lat' dir='ltr'>paldulli,</span> <span class='ocrx_word' id='word_1_28' title='bbox 1896 847 1995 913; x_wconf 89' lang='lat' dir='ltr'>cuius</span> <span class='ocrx_word' id='word_1_29' title='bbox 2018 849 2101 914; x_wconf 89' lang='lat' dir='ltr'>sunt</span> <span class='ocrx_word' id='word_1_30' title='bbox 2124 845 2343 932; x_wconf 79' lang='lat' dir='ltr'><strong>pertinentes</strong></span> <span class='ocrx_word' id='word_1_31' title='bbox 2366 866 2424 914; x_wconf 92' lang='lat' dir='ltr'>su-</span> 
     </span>
    </p>
   </div>
   <div class='ocr_carea' id='block_1_4' title="bbox 561 999 2434 4950">
    <p class='ocr_par' dir='ltr' id='par_1_4' title="bbox 561 999 2434 4950">
     <span class='ocr_line' id='line_1_4' title="bbox 570 999 2434 1089; baseline 0.003 -25"><span class='ocrx_word' id='word_1_32' title='bbox 570 999 767 1086; x_wconf 87' lang='lat' dir='ltr'>prascripta</span> <span class='ocrx_word' id='word_1_33' title='bbox 791 1002 1039 1078; x_wconf 87' lang='lat' dir='ltr'>monasteria,</span> <span class='ocrx_word' id='word_1_34' title='bbox 1079 1021 1186 1089; x_wconf 90' lang='lat' dir='ltr'>quarn</span> <span class='ocrx_word' id='word_1_35' title='bbox 1211 1003 1247 1067; x_wconf 90' lang='lat' dir='ltr'>et</span> <span class='ocrx_word' id='word_1_36' title='bbox 1272 1001 1405 1068; x_wconf 89' lang='lat' dir='ltr'>tradidi</span> <span class='ocrx_word' id='word_1_37' title='bbox 1429 1019 1468 1067; x_wconf 91' lang='lat' dir='ltr'>ec</span> <span class='ocrx_word' id='word_1_38' title='bbox 1493 1001 1561 1068; x_wconf 89' lang='lat' dir='ltr'>due</span> <span class='ocrx_word' id='word_1_39' title='bbox 1585 1003 1683 1086; x_wconf 82' lang='lat' dir='ltr'>pecie</span> <span class='ocrx_word' id='word_1_40' title='bbox 1707 1002 1750 1068; x_wconf 89' lang='lat' dir='ltr'>de</span> <span class='ocrx_word' id='word_1_41' title='bbox 1776 1005 1873 1068; x_wconf 87' lang='lat' dir='ltr'>terra</span> <span class='ocrx_word' id='word_1_42' title='bbox 1896 1018 2086 1086; x_wconf 81' lang='lat' dir='ltr'>campense</span> <span class='ocrx_word' id='word_1_43' title='bbox 2121 1020 2188 1086; x_wconf 88' lang='lat' dir='ltr'>quo</span> <span class='ocrx_word' id='word_1_44' title='bbox 2212 1003 2297 1066; x_wconf 89' lang='lat' dir='ltr'>sunt</span> <span class='ocrx_word' id='word_1_45' title='bbox 2322 1002 2434 1088; x_wconf 86' lang='lat' dir='ltr'>perti-</span> 
     </span>
     <span class='ocr_line' id='line_1_5' title="bbox 572 1153 2433 1232; baseline 0.003 -14"><span class='ocrx_word' id='word_1_46' title='bbox 572 1155 696 1220; x_wconf 81' lang='lat' dir='ltr'>nentes</span> <span class='ocrx_word' id='word_1_47' title='bbox 719 1153 860 1222; x_wconf 90' lang='lat' dir='ltr'>exdicto</span> <span class='ocrx_word' id='word_1_48' title='bbox 886 1156 1107 1232; x_wconf 91' lang='lat' dir='ltr'>monasterii,</span> <span class='ocrx_word' id='word_1_49' title='bbox 1128 1176 1199 1224; x_wconf 88' lang='lat' dir='ltr'>una</span> <span class='ocrx_word' id='word_1_50' title='bbox 1224 1157 1261 1223; x_wconf 96' lang='lat' dir='ltr'>in</span> <span class='ocrx_word' id='word_1_51' title='bbox 1287 1157 1402 1224; x_wconf 91' lang='lat' dir='ltr'>locum</span> <span class='ocrx_word' id='word_1_52' title='bbox 1427 1157 1585 1225; x_wconf 88' lang='lat' dir='ltr'>catabati</span> <span class='ocrx_word' id='word_1_53' title='bbox 1607 1159 1644 1222; x_wconf 89' lang='lat' dir='ltr'>et</span> <span class='ocrx_word' id='word_1_54' title='bbox 1667 1157 1740 1224; x_wconf 87' lang='lat' dir='ltr'>alia</span> <span class='ocrx_word' id='word_1_55' title='bbox 1764 1158 1809 1224; x_wconf 91' lang='lat' dir='ltr'>ad</span> <span class='ocrx_word' id='word_1_56' title='bbox 1832 1160 1918 1225; x_wconf 91' lang='lat' dir='ltr'>saba</span> <span class='ocrx_word' id='word_1_57' title='bbox 1940 1156 2067 1224; x_wconf 85' lang='lat' dir='ltr'>linibus</span> <span class='ocrx_word' id='word_1_58' title='bbox 2084 1157 2242 1223; x_wconf 89' lang='lat' dir='ltr'>rotensis.</span> <span class='ocrx_word' id='word_1_59' title='bbox 2270 1159 2359 1222; x_wconf 87' lang='lat' dir='ltr'>Tota</span> <span class='ocrx_word' id='word_1_60' title='bbox 2373 1177 2433 1224; x_wconf 90' lang='lat' dir='ltr'>su-</span> 
     </span>
     <span class='ocr_line' id='line_1_6' title="bbox 572 1308 2430 1396; baseline 0.002 -24"><span class='ocrx_word' id='word_1_61' title='bbox 572 1308 772 1396; x_wconf 87' lang='lat' dir='ltr'>prascripta</span> <span class='ocrx_word' id='word_1_62' title='bbox 795 1309 1009 1377; x_wconf 88' lang='lat' dir='ltr'>tradictione</span> <span class='ocrx_word' id='word_1_63' title='bbox 1035 1310 1167 1377; x_wconf 89' lang='lat' dir='ltr'>tradidi</span> <span class='ocrx_word' id='word_1_64' title='bbox 1191 1311 1225 1377; x_wconf 91' lang='lat' dir='ltr'>ei</span> <span class='ocrx_word' id='word_1_65' title='bbox 1249 1330 1330 1377; x_wconf 91' lang='lat' dir='ltr'>cum</span> <span class='ocrx_word' id='word_1_66' title='bbox 1355 1311 1432 1377; x_wconf 87' lang='lat' dir='ltr'>vice</span> <span class='ocrx_word' id='word_1_67' title='bbox 1456 1311 1498 1377; x_wconf 92' lang='lat' dir='ltr'>de</span> <span class='ocrx_word' id='word_1_68' title='bbox 1523 1311 1579 1378; x_wconf 90' lang='lat' dir='ltr'>vie</span> <span class='ocrx_word' id='word_1_69' title='bbox 1602 1329 1691 1384; x_wconf 91' lang='lat' dir='ltr'>sue,</span> <span class='ocrx_word' id='word_1_70' title='bbox 1717 1310 1792 1376; x_wconf 80' lang='lat' dir='ltr'>l&#39;ali</span> <span class='ocrx_word' id='word_1_71' title='bbox 1817 1311 1959 1384; x_wconf 90' lang='lat' dir='ltr'>tinore,</span> <span class='ocrx_word' id='word_1_72' title='bbox 1993 1309 2039 1375; x_wconf 93' lang='lat' dir='ltr'>ud</span> <span class='ocrx_word' id='word_1_73' title='bbox 2063 1309 2138 1395; x_wconf 88' lang='lat' dir='ltr'>ipse</span> <span class='ocrx_word' id='word_1_74' title='bbox 2160 1309 2331 1376; x_wconf 88' lang='lat' dir='ltr'>iohannes</span> <span class='ocrx_word' id='word_1_75' title='bbox 2354 1309 2430 1376; x_wconf 89' lang='lat' dir='ltr'>dia-</span> 
     </span>
     <span class='ocr_line' id='line_1_7' title="bbox 570 1459 2425 1550; baseline 0 -20"><span class='ocrx_word' id='word_1_76' title='bbox 570 1483 680 1530; x_wconf 88' lang='lat' dir='ltr'>conus</span> <span class='ocrx_word' id='word_1_77' title='bbox 702 1466 739 1530; x_wconf 90' lang='lat' dir='ltr'>et</span> <span class='ocrx_word' id='word_1_78' title='bbox 760 1482 841 1530; x_wconf 91' lang='lat' dir='ltr'>suos</span> <span class='ocrx_word' id='word_1_79' title='bbox 864 1463 987 1530; x_wconf 87' lang='lat' dir='ltr'>eredes</span> <span class='ocrx_word' id='word_1_80' title='bbox 1011 1463 1103 1530; x_wconf 90' lang='lat' dir='ltr'>illud</span> <span class='ocrx_word' id='word_1_81' title='bbox 1126 1483 1265 1550; x_wconf 88' lang='lat' dir='ltr'>semper</span> <span class='ocrx_word' id='word_1_82' title='bbox 1290 1466 1424 1540; x_wconf 89' lang='lat' dir='ltr'>tenere,</span> <span class='ocrx_word' id='word_1_83' title='bbox 1443 1468 1479 1530; x_wconf 90' lang='lat' dir='ltr'>et</span> <span class='ocrx_word' id='word_1_84' title='bbox 1502 1465 1601 1532; x_wconf 80' lang='lat' dir='ltr'>sebee</span> <span class='ocrx_word' id='word_1_85' title='bbox 1624 1466 1661 1529; x_wconf 91' lang='lat' dir='ltr'>et</span> <span class='ocrx_word' id='word_1_86' title='bbox 1683 1482 1803 1530; x_wconf 88' lang='lat' dir='ltr'>onmes</span> <span class='ocrx_word' id='word_1_87' title='bbox 1826 1482 1888 1530; x_wconf 90' lang='lat' dir='ltr'>sue</span> <span class='ocrx_word' id='word_1_88' title='bbox 1905 1461 2072 1528; x_wconf 79' lang='lat' dir='ltr'><strong>utilitatis</strong></span> <span class='ocrx_word' id='word_1_89' title='bbox 2096 1459 2145 1528; x_wconf 90' lang='lat' dir='ltr'>ibi</span> <span class='ocrx_word' id='word_1_90' title='bbox 2161 1462 2297 1529; x_wconf 84' lang='lat' dir='ltr'>faciant</span> <span class='ocrx_word' id='word_1_91' title='bbox 2320 1463 2425 1530; x_wconf 81' lang='lat' dir='ltr'>iuxta</span> 
     </span>
     <span class='ocr_line' id='line_1_8' title="bbox 571 1614 2430 1702; baseline 0.001 -20"><span class='ocrx_word' id='word_1_92' title='bbox 571 1617 772 1694; x_wconf 87' lang='lat' dir='ltr'>rationem;</span> <span class='ocrx_word' id='word_1_93' title='bbox 798 1636 860 1684; x_wconf 90' lang='lat' dir='ltr'>seu</span> <span class='ocrx_word' id='word_1_94' title='bbox 884 1621 921 1684; x_wconf 88' lang='lat' dir='ltr'>et</span> <span class='ocrx_word' id='word_1_95' title='bbox 944 1618 1152 1684; x_wconf 84' lang='lat' dir='ltr'>annualiter</span> <span class='ocrx_word' id='word_1_96' title='bbox 1176 1619 1259 1702; x_wconf 86' lang='lat' dir='ltr'>apto</span> <span class='ocrx_word' id='word_1_97' title='bbox 1284 1619 1442 1702; x_wconf 86' lang='lat' dir='ltr'>tempore</span> <span class='ocrx_word' id='word_1_98' title='bbox 1467 1617 1543 1702; x_wconf 89' lang='lat' dir='ltr'>ipsa</span> <span class='ocrx_word' id='word_1_99' title='bbox 1566 1615 1778 1698; x_wconf 81' lang='lat' dir='ltr'>tradictione</span> <span class='ocrx_word' id='word_1_100' title='bbox 1803 1619 1877 1682; x_wconf 91' lang='lat' dir='ltr'>tota</span> <span class='ocrx_word' id='word_1_101' title='bbox 1899 1614 1942 1681; x_wconf 91' lang='lat' dir='ltr'>de</span> <span class='ocrx_word' id='word_1_102' title='bbox 1966 1633 2073 1702; x_wconf 88' lang='lat' dir='ltr'>super</span> <span class='ocrx_word' id='word_1_103' title='bbox 2095 1619 2132 1681; x_wconf 88' lang='lat' dir='ltr'>et</span> <span class='ocrx_word' id='word_1_104' title='bbox 2154 1617 2197 1682; x_wconf 87' lang='lat' dir='ltr'>de</span> <span class='ocrx_word' id='word_1_105' title='bbox 2221 1619 2342 1682; x_wconf 83' lang='lat' dir='ltr'><strong>subter</strong></span> <span class='ocrx_word' id='word_1_106' title='bbox 2376 1619 2430 1684; x_wconf 85' lang='lat' dir='ltr'>la-</span> 
     </span>
     <span class='ocr_line' id='line_1_9' title="bbox 571 1769 2432 1856; baseline -0.001 -16"><span class='ocrx_word' id='word_1_107' title='bbox 571 1776 697 1840; x_wconf 91' lang='lat' dir='ltr'>borent</span> <span class='ocrx_word' id='word_1_108' title='bbox 712 1775 748 1838; x_wconf 89' lang='lat' dir='ltr'>et</span> <span class='ocrx_word' id='word_1_109' title='bbox 763 1773 912 1838; x_wconf 90' lang='lat' dir='ltr'>cultent.</span> <span class='ocrx_word' id='word_1_110' title='bbox 937 1773 1030 1840; x_wconf 88' lang='lat' dir='ltr'>sicut</span> <span class='ocrx_word' id='word_1_111' title='bbox 1054 1773 1239 1848; x_wconf 86' lang='lat' dir='ltr'>meruerit,</span> <span class='ocrx_word' id='word_1_112' title='bbox 1253 1772 1298 1838; x_wconf 88' lang='lat' dir='ltr'>ud</span> <span class='ocrx_word' id='word_1_113' title='bbox 1322 1789 1461 1856; x_wconf 80' lang='lat' dir='ltr'>semper</span> <span class='ocrx_word' id='word_1_114' title='bbox 1486 1773 1614 1838; x_wconf 92' lang='lat' dir='ltr'>bonum</span> <span class='ocrx_word' id='word_1_115' title='bbox 1637 1771 1674 1836; x_wconf 92' lang='lat' dir='ltr'>et</span> <span class='ocrx_word' id='word_1_116' title='bbox 1697 1771 1891 1854; x_wconf 85' lang='lat' dir='ltr'>perlectum</span> <span class='ocrx_word' id='word_1_117' title='bbox 1915 1769 2047 1855; x_wconf 89' lang='lat' dir='ltr'>paread</span> <span class='ocrx_word' id='word_1_118' title='bbox 2071 1770 2272 1838; x_wconf 90' lang='lat' dir='ltr'>laboratum</span> <span class='ocrx_word' id='word_1_119' title='bbox 2296 1775 2333 1838; x_wconf 87' lang='lat' dir='ltr'>et</span> <span class='ocrx_word' id='word_1_120' title='bbox 2355 1775 2432 1840; x_wconf 91' lang='lat' dir='ltr'>stn-</span> 
     </span>
     <span class='ocr_line' id='line_1_10' title="bbox 568 1925 2431 2013; baseline -0.001 -20"><span class='ocrx_word' id='word_1_121' title='bbox 568 1927 717 2004; x_wconf 90' lang='lat' dir='ltr'>diatum,</span> <span class='ocrx_word' id='word_1_122' title='bbox 743 1929 779 1992; x_wconf 87' lang='lat' dir='ltr'>et</span> <span class='ocrx_word' id='word_1_123' title='bbox 803 1926 960 2013; x_wconf 84' lang='lat' dir='ltr'>qualiter</span> <span class='ocrx_word' id='word_1_124' title='bbox 984 1925 1112 1993; x_wconf 88' lang='lat' dir='ltr'>cotidie</span> <span class='ocrx_word' id='word_1_125' title='bbox 1137 1926 1301 2012; x_wconf 85' lang='lat' dir='ltr'>proficiat</span> <span class='ocrx_word' id='word_1_126' title='bbox 1324 1928 1360 1992; x_wconf 89' lang='lat' dir='ltr'>et</span> <span class='ocrx_word' id='word_1_127' title='bbox 1376 1945 1445 1992; x_wconf 94' lang='lat' dir='ltr'>non</span> <span class='ocrx_word' id='word_1_128' title='bbox 1469 1925 1655 2010; x_wconf 88' lang='lat' dir='ltr'>disperoad</span> <span class='ocrx_word' id='word_1_129' title='bbox 1678 1933 1715 1991; x_wconf 89' lang='lat' dir='ltr'>et</span> <span class='ocrx_word' id='word_1_130' title='bbox 1737 1943 1875 2009; x_wconf 89' lang='lat' dir='ltr'>semper</span> <span class='ocrx_word' id='word_1_131' title='bbox 1899 1927 2028 1991; x_wconf 91' lang='lat' dir='ltr'>bonum</span> <span class='ocrx_word' id='word_1_132' title='bbox 2052 1929 2088 1991; x_wconf 91' lang='lat' dir='ltr'>et</span> <span class='ocrx_word' id='word_1_133' title='bbox 2104 1927 2297 2012; x_wconf 83' lang='lat' dir='ltr'>perlectum</span> <span class='ocrx_word' id='word_1_134' title='bbox 2323 1929 2431 1994; x_wconf 89' lang='lat' dir='ltr'>arbu-</span> 
     </span>
     <span class='ocr_line' id='line_1_11' title="bbox 568 2079 2430 2166; baseline 0 -18"><span class='ocrx_word' id='word_1_135' title='bbox 568 2087 662 2148; x_wconf 89' lang='lat' dir='ltr'>stum</span> <span class='ocrx_word' id='word_1_136' title='bbox 687 2083 723 2147; x_wconf 91' lang='lat' dir='ltr'>et</span> <span class='ocrx_word' id='word_1_137' title='bbox 745 2081 1002 2149; x_wconf 88' lang='lat' dir='ltr'>abellanietnm</span> <span class='ocrx_word' id='word_1_138' title='bbox 1025 2081 1075 2148; x_wconf 91' lang='lat' dir='ltr'>ibi</span> <span class='ocrx_word' id='word_1_139' title='bbox 1099 2084 1232 2148; x_wconf 87' lang='lat' dir='ltr'>abeant</span> <span class='ocrx_word' id='word_1_140' title='bbox 1254 2082 1393 2147; x_wconf 89' lang='lat' dir='ltr'>surtum</span> <span class='ocrx_word' id='word_1_141' title='bbox 1429 2083 1466 2146; x_wconf 93' lang='lat' dir='ltr'>et</span> <span class='ocrx_word' id='word_1_142' title='bbox 1487 2081 1718 2154; x_wconf 89' lang='lat' dir='ltr'>laboratum;</span> <span class='ocrx_word' id='word_1_143' title='bbox 1755 2097 1818 2146; x_wconf 89' lang='lat' dir='ltr'>seu</span> <span class='ocrx_word' id='word_1_144' title='bbox 1842 2082 1878 2145; x_wconf 88' lang='lat' dir='ltr'>et</span> <span class='ocrx_word' id='word_1_145' title='bbox 1901 2082 1984 2145; x_wconf 88' lang='lat' dir='ltr'>ante</span> <span class='ocrx_word' id='word_1_146' title='bbox 2008 2079 2071 2146; x_wconf 90' lang='lat' dir='ltr'>hos</span> <span class='ocrx_word' id='word_1_147' title='bbox 2094 2079 2169 2146; x_wconf 92' lang='lat' dir='ltr'>dies</span> <span class='ocrx_word' id='word_1_148' title='bbox 2207 2079 2340 2148; x_wconf 90' lang='lat' dir='ltr'>tradidi</span> <span class='ocrx_word' id='word_1_149' title='bbox 2363 2099 2430 2166; x_wconf 86' lang='lat' dir='ltr'>ego</span> 
     </span>
     <span class='ocr_line' id='line_1_12' title="bbox 567 2233 2431 2322; baseline 0.001 -22"><span class='ocrx_word' id='word_1_150' title='bbox 567 2233 677 2320; x_wconf 89' lang='lat' dir='ltr'>ipsius</span> <span class='ocrx_word' id='word_1_151' title='bbox 699 2235 846 2303; x_wconf 89' lang='lat' dir='ltr'>iohanni</span> <span class='ocrx_word' id='word_1_152' title='bbox 869 2234 1021 2312; x_wconf 87' lang='lat' dir='ltr'>diaconi,</span> <span class='ocrx_word' id='word_1_153' title='bbox 1048 2239 1083 2302; x_wconf 89' lang='lat' dir='ltr'>et</span> <span class='ocrx_word' id='word_1_154' title='bbox 1107 2234 1271 2302; x_wconf 89' lang='lat' dir='ltr'>iohannis</span> <span class='ocrx_word' id='word_1_155' title='bbox 1296 2233 1357 2321; x_wconf 90' lang='lat' dir='ltr'>qui</span> <span class='ocrx_word' id='word_1_156' title='bbox 1383 2234 1451 2300; x_wconf 85' lang='lat' dir='ltr'>fuit</span> <span class='ocrx_word' id='word_1_157' title='bbox 1474 2234 1641 2310; x_wconf 81' lang='lat' dir='ltr'>sculdais,</span> <span class='ocrx_word' id='word_1_158' title='bbox 1655 2233 1749 2302; x_wconf 84' lang='lat' dir='ltr'>lilius</span> <span class='ocrx_word' id='word_1_159' title='bbox 1772 2234 1950 2322; x_wconf 90' lang='lat' dir='ltr'>quondam</span> <span class='ocrx_word' id='word_1_160' title='bbox 1973 2234 2093 2310; x_wconf 88' lang='lat' dir='ltr'>ciceri,</span> <span class='ocrx_word' id='word_1_161' title='bbox 2121 2235 2247 2302; x_wconf 84' lang='lat' dir='ltr'>Inclita</span> <span class='ocrx_word' id='word_1_162' title='bbox 2270 2235 2371 2321; x_wconf 87' lang='lat' dir='ltr'>pecia</span> <span class='ocrx_word' id='word_1_163' title='bbox 2385 2235 2431 2302; x_wconf 89' lang='lat' dir='ltr'>de</span> 
     </span>
     <span class='ocr_line' id='line_1_13' title="bbox 566 2391 2429 2480; baseline 0.001 -23"><span class='ocrx_word' id='word_1_164' title='bbox 566 2393 665 2460; x_wconf 91' lang='lat' dir='ltr'>terra</span> <span class='ocrx_word' id='word_1_165' title='bbox 688 2413 769 2460; x_wconf 91' lang='lat' dir='ltr'>cum</span> <span class='ocrx_word' id='word_1_166' title='bbox 793 2393 1049 2461; x_wconf 89' lang='lat' dir='ltr'>abellanietnm</span> <span class='ocrx_word' id='word_1_167' title='bbox 1074 2392 1194 2480; x_wconf 88' lang='lat' dir='ltr'>ibique</span> <span class='ocrx_word' id='word_1_168' title='bbox 1218 2395 1295 2460; x_wconf 90' lang='lat' dir='ltr'>loco</span> <span class='ocrx_word' id='word_1_169' title='bbox 1319 2410 1384 2477; x_wconf 90' lang='lat' dir='ltr'>per</span> <span class='ocrx_word' id='word_1_170' title='bbox 1407 2391 1488 2458; x_wconf 84' lang='lat' dir='ltr'>finis</span> <span class='ocrx_word' id='word_1_171' title='bbox 1512 2395 1548 2458; x_wconf 88' lang='lat' dir='ltr'>et</span> <span class='ocrx_word' id='word_1_172' title='bbox 1572 2411 1777 2468; x_wconf 86' lang='lat' dir='ltr'>mensuras,</span> <span class='ocrx_word' id='word_1_173' title='bbox 1802 2391 1895 2458; x_wconf 92' lang='lat' dir='ltr'>sicut</span> <span class='ocrx_word' id='word_1_174' title='bbox 1918 2391 2104 2458; x_wconf 89' lang='lat' dir='ltr'>continunt</span> <span class='ocrx_word' id='word_1_175' title='bbox 2128 2393 2254 2469; x_wconf 86' lang='lat' dir='ltr'>brebi,</span> <span class='ocrx_word' id='word_1_176' title='bbox 2281 2392 2342 2477; x_wconf 92' lang='lat' dir='ltr'>qui</span> <span class='ocrx_word' id='word_1_177' title='bbox 2367 2411 2429 2459; x_wconf 93' lang='lat' dir='ltr'>nos</span> 
     </span>
     <span class='ocr_line' id='line_1_14' title="bbox 565 2545 2431 2633; baseline 0 -21"><span class='ocrx_word' id='word_1_178' title='bbox 565 2549 602 2612; x_wconf 94' lang='lat' dir='ltr'>et</span> <span class='ocrx_word' id='word_1_179' title='bbox 623 2547 697 2615; x_wconf 91' lang='lat' dir='ltr'>illis</span> <span class='ocrx_word' id='word_1_180' title='bbox 720 2547 802 2613; x_wconf 87' lang='lat' dir='ltr'>inde</span> <span class='ocrx_word' id='word_1_181' title='bbox 827 2547 959 2614; x_wconf 84' lang='lat' dir='ltr'>firmati</span> <span class='ocrx_word' id='word_1_182' title='bbox 982 2549 1190 2624; x_wconf 88' lang='lat' dir='ltr'>retinemus,</span> <span class='ocrx_word' id='word_1_183' title='bbox 1217 2551 1253 2614; x_wconf 89' lang='lat' dir='ltr'>et</span> <span class='ocrx_word' id='word_1_184' title='bbox 1275 2567 1412 2633; x_wconf 87' lang='lat' dir='ltr'>semper</span> <span class='ocrx_word' id='word_1_185' title='bbox 1436 2547 1479 2614; x_wconf 90' lang='lat' dir='ltr'>de</span> <span class='ocrx_word' id='word_1_186' title='bbox 1503 2566 1589 2631; x_wconf 76' lang='lat' dir='ltr'>ayre</span> <span class='ocrx_word' id='word_1_187' title='bbox 1614 2550 1650 2613; x_wconf 92' lang='lat' dir='ltr'>et</span> <span class='ocrx_word' id='word_1_188' title='bbox 1673 2565 1737 2633; x_wconf 90' lang='lat' dir='ltr'>per</span> <span class='ocrx_word' id='word_1_189' title='bbox 1760 2549 1917 2632; x_wconf 87' lang='lat' dir='ltr'>tempore</span> <span class='ocrx_word' id='word_1_190' title='bbox 1941 2546 1984 2613; x_wconf 89' lang='lat' dir='ltr'>de</span> <span class='ocrx_word' id='word_1_191' title='bbox 2009 2547 2157 2620; x_wconf 87' lang='lat' dir='ltr'>nocelle,</span> <span class='ocrx_word' id='word_1_192' title='bbox 2180 2545 2281 2612; x_wconf 89' lang='lat' dir='ltr'>etde</span> <span class='ocrx_word' id='word_1_193' title='bbox 2306 2545 2431 2612; x_wconf 90' lang='lat' dir='ltr'>vinde-</span> 
     </span>
     <span class='ocr_line' id='line_1_15' title="bbox 565 2700 2427 2791; baseline -0.003 -20"><span class='ocrx_word' id='word_1_194' title='bbox 565 2704 664 2777; x_wconf 91' lang='lat' dir='ltr'>mie,</span> <span class='ocrx_word' id='word_1_195' title='bbox 689 2703 825 2771; x_wconf 88' lang='lat' dir='ltr'>saciant</span> <span class='ocrx_word' id='word_1_196' title='bbox 847 2705 938 2771; x_wconf 89' lang='lat' dir='ltr'>scire</span> <span class='ocrx_word' id='word_1_197' title='bbox 961 2723 1046 2790; x_wconf 88' lang='lat' dir='ltr'>pars</span> <span class='ocrx_word' id='word_1_198' title='bbox 1069 2704 1181 2791; x_wconf 90' lang='lat' dir='ltr'>ipsius</span> <span class='ocrx_word' id='word_1_199' title='bbox 1205 2703 1427 2778; x_wconf 85' lang='lat' dir='ltr'>monasterii,</span> <span class='ocrx_word' id='word_1_200' title='bbox 1454 2703 1505 2770; x_wconf 82' lang='lat' dir='ltr'>L&#39;d</span> <span class='ocrx_word' id='word_1_201' title='bbox 1531 2703 1579 2770; x_wconf 93' lang='lat' dir='ltr'>ibi</span> <span class='ocrx_word' id='word_1_202' title='bbox 1602 2700 1739 2787; x_wconf 84' lang='lat' dir='ltr'>dirigat</span> <span class='ocrx_word' id='word_1_203' title='bbox 1761 2700 1908 2766; x_wconf 88' lang='lat' dir='ltr'>missum</span> <span class='ocrx_word' id='word_1_204' title='bbox 1931 2719 2061 2774; x_wconf 90' lang='lat' dir='ltr'>suum,</span> <span class='ocrx_word' id='word_1_205' title='bbox 2087 2700 2189 2766; x_wconf 89' lang='lat' dir='ltr'>etde</span> <span class='ocrx_word' id='word_1_206' title='bbox 2212 2700 2332 2766; x_wconf 87' lang='lat' dir='ltr'>omnia</span> <span class='ocrx_word' id='word_1_207' title='bbox 2355 2719 2427 2786; x_wconf 89' lang='lat' dir='ltr'>que</span> 
     </span>
     <span class='ocr_line' id='line_1_16' title="bbox 566 2854 2432 2946; baseline -0.001 -22"><span class='ocrx_word' id='word_1_208' title='bbox 566 2857 615 2925; x_wconf 93' lang='lat' dir='ltr'>ibi</span> <span class='ocrx_word' id='word_1_209' title='bbox 640 2858 923 2934; x_wconf 89' lang='lat' dir='ltr'>seminaberint,</span> <span class='ocrx_word' id='word_1_210' title='bbox 949 2859 1057 2927; x_wconf 88' lang='lat' dir='ltr'>deant</span> <span class='ocrx_word' id='word_1_211' title='bbox 1080 2859 1200 2946; x_wconf 88' lang='lat' dir='ltr'>ibique</span> <span class='ocrx_word' id='word_1_212' title='bbox 1224 2858 1436 2925; x_wconf 89' lang='lat' dir='ltr'>terraticum</span> <span class='ocrx_word' id='word_1_213' title='bbox 1459 2859 1567 2923; x_wconf 88' lang='lat' dir='ltr'>abere</span> <span class='ocrx_word' id='word_1_214' title='bbox 1599 2856 1651 2922; x_wconf 81' lang='lat' dir='ltr'>Ad</span> <span class='ocrx_word' id='word_1_215' title='bbox 1675 2855 1790 2942; x_wconf 91' lang='lat' dir='ltr'>ipsum</span> <span class='ocrx_word' id='word_1_216' title='bbox 1815 2854 1960 2921; x_wconf 88' lang='lat' dir='ltr'>missum</span> <span class='ocrx_word' id='word_1_217' title='bbox 1984 2855 2176 2922; x_wconf 90' lang='lat' dir='ltr'>secundum</span> <span class='ocrx_word' id='word_1_218' title='bbox 2201 2855 2432 2922; x_wconf 89' lang='lat' dir='ltr'>consuetudi-</span> 
     </span>
     <span class='ocr_line' id='line_1_17' title="bbox 566 3011 2425 3099; baseline -0.001 -19"><span class='ocrx_word' id='word_1_219' title='bbox 566 3033 646 3080; x_wconf 90' lang='lat' dir='ltr'>nem</span> <span class='ocrx_word' id='word_1_220' title='bbox 670 3013 712 3079; x_wconf 89' lang='lat' dir='ltr'>de</span> <span class='ocrx_word' id='word_1_221' title='bbox 736 3011 851 3099; x_wconf 89' lang='lat' dir='ltr'>ipsum</span> <span class='ocrx_word' id='word_1_222' title='bbox 876 3013 1005 3086; x_wconf 90' lang='lat' dir='ltr'>locum,</span> <span class='ocrx_word' id='word_1_223' title='bbox 1024 3015 1060 3078; x_wconf 88' lang='lat' dir='ltr'>et</span> <span class='ocrx_word' id='word_1_224' title='bbox 1083 3011 1199 3098; x_wconf 89' lang='lat' dir='ltr'>ipsum</span> <span class='ocrx_word' id='word_1_225' title='bbox 1223 3013 1409 3079; x_wconf 88' lang='lat' dir='ltr'>arbustum</span> <span class='ocrx_word' id='word_1_226' title='bbox 1434 3013 1470 3078; x_wconf 90' lang='lat' dir='ltr'>et</span> <span class='ocrx_word' id='word_1_227' title='bbox 1493 3011 1748 3078; x_wconf 88' lang='lat' dir='ltr'>abellanietum</span> <span class='ocrx_word' id='word_1_228' title='bbox 1772 3013 1854 3097; x_wconf 90' lang='lat' dir='ltr'>apto</span> <span class='ocrx_word' id='word_1_229' title='bbox 1879 3012 2035 3096; x_wconf 88' lang='lat' dir='ltr'>tempore</span> <span class='ocrx_word' id='word_1_230' title='bbox 2058 3011 2197 3095; x_wconf 90' lang='lat' dir='ltr'>salbum</span> <span class='ocrx_word' id='word_1_231' title='bbox 2222 3011 2369 3088; x_wconf 89' lang='lat' dir='ltr'>saciant,</span> <span class='ocrx_word' id='word_1_232' title='bbox 2387 3013 2425 3078; x_wconf 88' lang='lat' dir='ltr'>et</span> 
     </span>
     <span class='ocr_line' id='line_1_18' title="bbox 561 3163 2430 3253; baseline -0.001 -21"><span class='ocrx_word' id='word_1_233' title='bbox 561 3167 642 3253; x_wconf 94' lang='lat' dir='ltr'>ipse</span> <span class='ocrx_word' id='word_1_234' title='bbox 665 3167 829 3234; x_wconf 89' lang='lat' dir='ltr'>abellane</span> <span class='ocrx_word' id='word_1_235' title='bbox 854 3165 1119 3232; x_wconf 85' lang='lat' dir='ltr'>rationabiliter</span> <span class='ocrx_word' id='word_1_236' title='bbox 1142 3164 1319 3250; x_wconf 82' lang='lat' dir='ltr'>colligant</span> <span class='ocrx_word' id='word_1_237' title='bbox 1342 3165 1442 3239; x_wconf 88' lang='lat' dir='ltr'>tote,</span> <span class='ocrx_word' id='word_1_238' title='bbox 1479 3167 1515 3229; x_wconf 91' lang='lat' dir='ltr'>et</span> <span class='ocrx_word' id='word_1_239' title='bbox 1538 3163 1698 3230; x_wconf 86' lang='lat' dir='ltr'>inclitam</span> <span class='ocrx_word' id='word_1_240' title='bbox 1723 3164 1867 3232; x_wconf 89' lang='lat' dir='ltr'>tertiam</span> <span class='ocrx_word' id='word_1_241' title='bbox 1891 3167 2030 3250; x_wconf 89' lang='lat' dir='ltr'>partem</span> <span class='ocrx_word' id='word_1_242' title='bbox 2068 3163 2151 3230; x_wconf 89' lang='lat' dir='ltr'>inde</span> <span class='ocrx_word' id='word_1_243' title='bbox 2186 3163 2295 3230; x_wconf 88' lang='lat' dir='ltr'>deant</span> <span class='ocrx_word' id='word_1_244' title='bbox 2329 3182 2430 3230; x_wconf 89' lang='lat' dir='ltr'>secce</span> 
     </span>
     <span class='ocr_line' id='line_1_19' title="bbox 567 3317 2427 3408; baseline -0.003 -19"><span class='ocrx_word' id='word_1_245' title='bbox 567 3325 656 3389; x_wconf 89' lang='lat' dir='ltr'>bona</span> <span class='ocrx_word' id='word_1_246' title='bbox 680 3322 725 3388; x_wconf 88' lang='lat' dir='ltr'>ad</span> <span class='ocrx_word' id='word_1_247' title='bbox 749 3322 864 3408; x_wconf 91' lang='lat' dir='ltr'>ipsum</span> <span class='ocrx_word' id='word_1_248' title='bbox 888 3319 1063 3396; x_wconf 90' lang='lat' dir='ltr'>missum,</span> <span class='ocrx_word' id='word_1_249' title='bbox 1100 3321 1238 3408; x_wconf 90' lang='lat' dir='ltr'>relique</span> <span class='ocrx_word' id='word_1_250' title='bbox 1261 3321 1330 3386; x_wconf 88' lang='lat' dir='ltr'>due</span> <span class='ocrx_word' id='word_1_251' title='bbox 1354 3318 1460 3385; x_wconf 88' lang='lat' dir='ltr'>sortis</span> <span class='ocrx_word' id='word_1_252' title='bbox 1482 3317 1550 3385; x_wconf 87' lang='lat' dir='ltr'>sivi</span> <span class='ocrx_word' id='word_1_253' title='bbox 1574 3319 1758 3393; x_wconf 90' lang='lat' dir='ltr'>habeant,</span> <span class='ocrx_word' id='word_1_254' title='bbox 1794 3321 1830 3384; x_wconf 92' lang='lat' dir='ltr'>ct</span> <span class='ocrx_word' id='word_1_255' title='bbox 1852 3318 2015 3386; x_wconf 88' lang='lat' dir='ltr'>inclitam</span> <span class='ocrx_word' id='word_1_256' title='bbox 2041 3318 2185 3384; x_wconf 87' lang='lat' dir='ltr'>tertiam</span> <span class='ocrx_word' id='word_1_257' title='bbox 2220 3320 2358 3404; x_wconf 89' lang='lat' dir='ltr'>partem</span> <span class='ocrx_word' id='word_1_258' title='bbox 2382 3318 2427 3385; x_wconf 89' lang='lat' dir='ltr'>de</span> 
     </span>
     <span class='ocr_line' id='line_1_20' title="bbox 563 3471 2428 3563; baseline -0.001 -21"><span class='ocrx_word' id='word_1_259' title='bbox 563 3495 666 3542; x_wconf 87' lang='lat' dir='ltr'>omne</span> <span class='ocrx_word' id='word_1_260' title='bbox 691 3475 812 3543; x_wconf 84' lang='lat' dir='ltr'>vinum</span> <span class='ocrx_word' id='word_1_261' title='bbox 836 3475 1003 3563; x_wconf 90' lang='lat' dir='ltr'>quodibi</span> <span class='ocrx_word' id='word_1_262' title='bbox 1028 3475 1179 3544; x_wconf 83' lang='lat' dir='ltr'>fecerint</span> <span class='ocrx_word' id='word_1_263' title='bbox 1201 3475 1244 3542; x_wconf 90' lang='lat' dir='ltr'>de</span> <span class='ocrx_word' id='word_1_264' title='bbox 1268 3474 1348 3560; x_wconf 87' lang='lat' dir='ltr'>ipsa</span> <span class='ocrx_word' id='word_1_265' title='bbox 1372 3474 1532 3548; x_wconf 89' lang='lat' dir='ltr'>arbusta,</span> <span class='ocrx_word' id='word_1_266' title='bbox 1557 3471 1667 3538; x_wconf 85' lang='lat' dir='ltr'>deant</span> <span class='ocrx_word' id='word_1_267' title='bbox 1690 3471 1735 3538; x_wconf 93' lang='lat' dir='ltr'>ad</span> <span class='ocrx_word' id='word_1_268' title='bbox 1759 3472 1874 3558; x_wconf 89' lang='lat' dir='ltr'>ipsum</span> <span class='ocrx_word' id='word_1_269' title='bbox 1899 3471 2056 3548; x_wconf 87' lang='lat' dir='ltr'>missum,</span> <span class='ocrx_word' id='word_1_270' title='bbox 2083 3475 2119 3538; x_wconf 90' lang='lat' dir='ltr'>et</span> <span class='ocrx_word' id='word_1_271' title='bbox 2142 3479 2313 3557; x_wconf 88' lang='lat' dir='ltr'>reponent</span> <span class='ocrx_word' id='word_1_272' title='bbox 2337 3473 2428 3541; x_wconf 88' lang='lat' dir='ltr'>illut</span> 
     </span>
     <span class='ocr_line' id='line_1_21' title="bbox 565 3620 2422 3716; baseline 0.003 -22"><span class='ocrx_word' id='word_1_273' title='bbox 565 3629 601 3694; x_wconf 96' lang='lat' dir='ltr'>in</span> <span class='ocrx_word' id='word_1_274' title='bbox 624 3649 819 3716; x_wconf 83' lang='lat' dir='ltr'>organeum</span> <span class='ocrx_word' id='word_1_275' title='bbox 839 3677 847 3706; x_wconf 94' lang='lat'>,</span> <span class='ocrx_word' id='word_1_276' title='bbox 868 3620 964 3715; x_wconf 83' lang='lat' dir='ltr'>&#39;quod</span> <span class='ocrx_word' id='word_1_277' title='bbox 989 3647 1111 3696; x_wconf 90' lang='lat' dir='ltr'>eorum</span> <span class='ocrx_word' id='word_1_278' title='bbox 1135 3626 1415 3714; x_wconf 85' lang='lat' dir='ltr'>assignaberint,</span> <span class='ocrx_word' id='word_1_279' title='bbox 1440 3645 1525 3712; x_wconf 89' lang='lat' dir='ltr'>pars</span> <span class='ocrx_word' id='word_1_280' title='bbox 1548 3625 1784 3711; x_wconf 89' lang='lat' dir='ltr'>suprascripti</span> <span class='ocrx_word' id='word_1_281' title='bbox 1809 3627 2038 3702; x_wconf 83' lang='lat' dir='ltr'>monasterii,</span> <span class='ocrx_word' id='word_1_282' title='bbox 2064 3633 2100 3694; x_wconf 87' lang='lat' dir='ltr'>et</span> <span class='ocrx_word' id='word_1_283' title='bbox 2122 3627 2237 3714; x_wconf 88' lang='lat' dir='ltr'>ipsum</span> <span class='ocrx_word' id='word_1_284' title='bbox 2263 3629 2422 3706; x_wconf 89' lang='lat' dir='ltr'>missum,</span> 
     </span>
     <span class='ocr_line' id='line_1_22' title="bbox 562 3757 2431 3872; baseline 0.002 -22"><span class='ocrx_word' id='word_1_285' title='bbox 562 3787 600 3851; x_wconf 92' lang='lat' dir='ltr'>et</span> <span class='ocrx_word' id='word_1_286' title='bbox 621 3803 752 3872; x_wconf 85' lang='lat' dir='ltr'>equum</span> <span class='ocrx_word' id='word_1_287' title='bbox 774 3803 876 3850; x_wconf 89' lang='lat' dir='ltr'>suum</span> <span class='ocrx_word' id='word_1_288' title='bbox 901 3783 1095 3860; x_wconf 79' lang='lat' dir='ltr'>nutricant,</span> <span class='ocrx_word' id='word_1_289' title='bbox 1123 3783 1168 3850; x_wconf 93' lang='lat' dir='ltr'>ud</span> <span class='ocrx_word' id='word_1_290' title='bbox 1192 3782 1325 3848; x_wconf 90' lang='lat' dir='ltr'>iustum</span> <span class='ocrx_word' id='word_1_291' title='bbox 1350 3757 1486 3856; x_wconf 73' lang='lat' dir='ltr'>suerit,</span> <span class='ocrx_word' id='word_1_292' title='bbox 1511 3785 1547 3847; x_wconf 89' lang='lat' dir='ltr'>et</span> <span class='ocrx_word' id='word_1_293' title='bbox 1569 3779 1690 3847; x_wconf 89' lang='lat' dir='ltr'>onmia</span> <span class='ocrx_word' id='word_1_294' title='bbox 1713 3779 1848 3846; x_wconf 89' lang='lat' dir='ltr'>saciant</span> <span class='ocrx_word' id='word_1_295' title='bbox 1871 3780 1908 3846; x_wconf 93' lang='lat' dir='ltr'>in</span> <span class='ocrx_word' id='word_1_296' title='bbox 1933 3799 2017 3866; x_wconf 89' lang='lat' dir='ltr'>pars</span> <span class='ocrx_word' id='word_1_297' title='bbox 2040 3784 2275 3870; x_wconf 90' lang='lat' dir='ltr'>suprascripti</span> <span class='ocrx_word' id='word_1_298' title='bbox 2299 3805 2380 3853; x_wconf 92' lang='lat' dir='ltr'>mon</span> <span class='ocrx_word' id='word_1_299' title='bbox 2391 3805 2431 3856; x_wconf 85' lang='lat' dir='ltr'>a·</span> 
     </span>
     <span class='ocr_line' id='line_1_23' title="bbox 562 3933 2420 4022; baseline 0.003 -21"><span class='ocrx_word' id='word_1_300' title='bbox 562 3934 675 4011; x_wconf 88' lang='lat' dir='ltr'>sterii,</span> <span class='ocrx_word' id='word_1_301' title='bbox 702 3935 857 4022; x_wconf 87' lang='lat' dir='ltr'>qualiter</span> <span class='ocrx_word' id='word_1_302' title='bbox 881 3934 1018 4002; x_wconf 83' lang='lat' dir='ltr'>faciunt</span> <span class='ocrx_word' id='word_1_303' title='bbox 1043 3933 1110 4020; x_wconf 91' lang='lat' dir='ltr'>ipsi</span> <span class='ocrx_word' id='word_1_304' title='bbox 1134 3934 1357 4001; x_wconf 86' lang='lat' dir='ltr'>consortibus</span> <span class='ocrx_word' id='word_1_305' title='bbox 1380 3934 1471 4012; x_wconf 90' lang='lat' dir='ltr'>suis,</span> <span class='ocrx_word' id='word_1_306' title='bbox 1497 3933 1559 4021; x_wconf 92' lang='lat' dir='ltr'>qni</span> <span class='ocrx_word' id='word_1_307' title='bbox 1582 3935 1625 4001; x_wconf 89' lang='lat' dir='ltr'>de</span> <span class='ocrx_word' id='word_1_308' title='bbox 1649 3934 1726 4021; x_wconf 88' lang='lat' dir='ltr'>ipsa</span> <span class='ocrx_word' id='word_1_309' title='bbox 1751 3937 1855 4001; x_wconf 90' lang='lat' dir='ltr'>rebus</span> <span class='ocrx_word' id='word_1_310' title='bbox 1879 3933 2030 4021; x_wconf 91' lang='lat' dir='ltr'>indeque</span> <span class='ocrx_word' id='word_1_311' title='bbox 2056 3937 2240 4013; x_wconf 88' lang='lat' dir='ltr'>retinunt,</span> <span class='ocrx_word' id='word_1_312' title='bbox 2266 3939 2301 4004; x_wconf 88' lang='lat' dir='ltr'>et</span> <span class='ocrx_word' id='word_1_313' title='bbox 2324 3940 2420 4007; x_wconf 90' lang='lat' dir='ltr'>omni</span> 
     </span>
     <span class='ocr_line' id='line_1_24' title="bbox 561 4083 2418 4173; baseline 0.003 -21"><span class='ocrx_word' id='word_1_314' title='bbox 561 4089 719 4172; x_wconf 89' lang='lat' dir='ltr'>tempore</span> <span class='ocrx_word' id='word_1_315' title='bbox 742 4084 858 4152; x_wconf 89' lang='lat' dir='ltr'>licead</span> <span class='ocrx_word' id='word_1_316' title='bbox 882 4105 965 4171; x_wconf 91' lang='lat' dir='ltr'>pars</span> <span class='ocrx_word' id='word_1_317' title='bbox 988 4085 1224 4172; x_wconf 87' lang='lat' dir='ltr'>suprascripti</span> <span class='ocrx_word' id='word_1_318' title='bbox 1248 4083 1456 4151; x_wconf 90' lang='lat' dir='ltr'>monasterii</span> <span class='ocrx_word' id='word_1_319' title='bbox 1480 4085 1690 4173; x_wconf 87' lang='lat' dir='ltr'>perquirere</span> <span class='ocrx_word' id='word_1_320' title='bbox 1713 4085 1791 4173; x_wconf 90' lang='lat' dir='ltr'>ipsa</span> <span class='ocrx_word' id='word_1_321' title='bbox 1816 4087 1948 4163; x_wconf 80' lang='lat' dir='ltr'>rebuS,</span> <span class='ocrx_word' id='word_1_322' title='bbox 1986 4091 2022 4154; x_wconf 88' lang='lat' dir='ltr'>et</span> <span class='ocrx_word' id='word_1_323' title='bbox 2055 4088 2086 4156; x_wconf 90' lang='lat' dir='ltr'>si</span> <span class='ocrx_word' id='word_1_324' title='bbox 2110 4108 2180 4156; x_wconf 92' lang='lat' dir='ltr'>non</span> <span class='ocrx_word' id='word_1_325' title='bbox 2211 4093 2304 4156; x_wconf 90' lang='lat' dir='ltr'>esset</span> <span class='ocrx_word' id='word_1_326' title='bbox 2326 4093 2418 4158; x_wconf 90' lang='lat' dir='ltr'>bona</span> 
     </span>
     <span class='ocr_line' id='line_1_25' title="bbox 562 4237 2426 4330; baseline 0.003 -24"><span class='ocrx_word' id='word_1_327' title='bbox 562 4239 746 4325; x_wconf 88' lang='lat' dir='ltr'>hoperata,</span> <span class='ocrx_word' id='word_1_328' title='bbox 765 4238 880 4306; x_wconf 88' lang='lat' dir='ltr'>licead</span> <span class='ocrx_word' id='word_1_329' title='bbox 904 4237 985 4304; x_wconf 92' lang='lat' dir='ltr'>inde</span> <span class='ocrx_word' id='word_1_330' title='bbox 1010 4237 1204 4324; x_wconf 85' lang='lat' dir='ltr'>pignerare</span> <span class='ocrx_word' id='word_1_331' title='bbox 1228 4255 1338 4324; x_wconf 88' lang='lat' dir='ltr'>usque</span> <span class='ocrx_word' id='word_1_332' title='bbox 1362 4238 1407 4305; x_wconf 90' lang='lat' dir='ltr'>ad</span> <span class='ocrx_word' id='word_1_333' title='bbox 1431 4239 1560 4322; x_wconf 85' lang='lat' dir='ltr'>legem.</span> <span class='ocrx_word' id='word_1_334' title='bbox 1587 4239 1685 4306; x_wconf 85' lang='lat' dir='ltr'>Unde</span> <span class='ocrx_word' id='word_1_335' title='bbox 1709 4239 1747 4306; x_wconf 93' lang='lat' dir='ltr'>in</span> <span class='ocrx_word' id='word_1_336' title='bbox 1769 4258 1810 4308; x_wconf 91' lang='lat' dir='ltr'>eo</span> <span class='ocrx_word' id='word_1_337' title='bbox 1834 4239 1948 4308; x_wconf 91' lang='lat' dir='ltr'>tinore</span> <span class='ocrx_word' id='word_1_338' title='bbox 1972 4261 2036 4328; x_wconf 91' lang='lat' dir='ltr'>per</span> <span class='ocrx_word' id='word_1_339' title='bbox 2051 4243 2313 4312; x_wconf 88' lang='lat' dir='ltr'>combenientia</span> <span class='ocrx_word' id='word_1_340' title='bbox 2336 4265 2426 4330; x_wconf 82' lang='lat' dir='ltr'>gua-</span> 
     </span>
     <span class='ocr_line' id='line_1_26' title="bbox 561 4391 2416 4480; baseline 0.004 -18"><span class='ocrx_word' id='word_1_341' title='bbox 561 4394 622 4462; x_wconf 90' lang='lat' dir='ltr'>dia</span> <span class='ocrx_word' id='word_1_342' title='bbox 644 4391 732 4460; x_wconf 93' lang='lat' dir='ltr'>mihi</span> <span class='ocrx_word' id='word_1_343' title='bbox 754 4391 835 4460; x_wconf 89' lang='lat' dir='ltr'>dedi</span> <span class='ocrx_word' id='word_1_344' title='bbox 858 4391 935 4479; x_wconf 88' lang='lat' dir='ltr'>ipse</span> <span class='ocrx_word' id='word_1_345' title='bbox 958 4391 1131 4459; x_wconf 87' lang='lat' dir='ltr'>iohannes</span> <span class='ocrx_word' id='word_1_346' title='bbox 1154 4391 1326 4459; x_wconf 89' lang='lat' dir='ltr'>diaconus</span> <span class='ocrx_word' id='word_1_347' title='bbox 1349 4412 1413 4478; x_wconf 93' lang='lat' dir='ltr'>pro</span> <span class='ocrx_word' id='word_1_348' title='bbox 1437 4396 1539 4478; x_wconf 89' lang='lat' dir='ltr'>parte</span> <span class='ocrx_word' id='word_1_349' title='bbox 1566 4393 1802 4480; x_wconf 81' lang='lat' dir='ltr'>suprascripti</span> <span class='ocrx_word' id='word_1_350' title='bbox 1837 4397 2072 4474; x_wconf 86' lang='lat' dir='ltr'>monasterii,</span> <span class='ocrx_word' id='word_1_351' title='bbox 2108 4400 2145 4466; x_wconf 91' lang='lat' dir='ltr'>et</span> <span class='ocrx_word' id='word_1_352' title='bbox 2177 4398 2416 4470; x_wconf 84' lang='lat' dir='ltr'>fideiussorem</span> 
     </span>
     <span class='ocr_line' id='line_1_27' title="bbox 563 4545 2420 4639; baseline 0.005 -23"><span class='ocrx_word' id='word_1_353' title='bbox 563 4547 649 4616; x_wconf 90' lang='lat' dir='ltr'>mihi</span> <span class='ocrx_word' id='word_1_354' title='bbox 672 4547 789 4636; x_wconf 88' lang='lat' dir='ltr'>posuit</span> <span class='ocrx_word' id='word_1_355' title='bbox 811 4547 966 4634; x_wconf 88' lang='lat' dir='ltr'>seipsum</span> <span class='ocrx_word' id='word_1_356' title='bbox 990 4567 1054 4634; x_wconf 90' lang='lat' dir='ltr'>per</span> <span class='ocrx_word' id='word_1_357' title='bbox 1078 4547 1239 4633; x_wconf 85' lang='lat' dir='ltr'>apposita</span> <span class='ocrx_word' id='word_1_358' title='bbox 1263 4545 1414 4633; x_wconf 82' lang='lat' dir='ltr'>pignera</span> <span class='ocrx_word' id='word_1_359' title='bbox 1437 4549 1601 4634; x_wconf 83' lang='lat' dir='ltr'>legitima</span> <span class='ocrx_word' id='word_1_360' title='bbox 1625 4551 1662 4616; x_wconf 92' lang='lat' dir='ltr'>et</span> <span class='ocrx_word' id='word_1_361' title='bbox 1684 4549 1914 4636; x_wconf 83' lang='lat' dir='ltr'>inlegitima,</span> <span class='ocrx_word' id='word_1_362' title='bbox 1947 4555 1984 4618; x_wconf 92' lang='lat' dir='ltr'>et</span> <span class='ocrx_word' id='word_1_363' title='bbox 2006 4570 2070 4638; x_wconf 88' lang='lat' dir='ltr'>per</span> <span class='ocrx_word' id='word_1_364' title='bbox 2093 4571 2171 4639; x_wconf 88' lang='lat' dir='ltr'>rpsa</span> <span class='ocrx_word' id='word_1_365' title='bbox 2193 4555 2326 4638; x_wconf 82' lang='lat' dir='ltr'>guadio</span> <span class='ocrx_word' id='word_1_366' title='bbox 2350 4561 2420 4626; x_wconf 85' lang='lat' dir='ltr'>etc.</span> 
     </span>
     <span class='ocr_line' id='line_1_28' title="bbox 564 4703 2423 4794; baseline 0.004 -20"><span class='ocrx_word' id='word_1_367' title='bbox 564 4706 711 4774; x_wconf 85' lang='lat' dir='ltr'>Statuta</span> <span class='ocrx_word' id='word_1_368' title='bbox 727 4705 862 4771; x_wconf 69' lang='lat' dir='ltr'>mubta</span> <span class='ocrx_word' id='word_1_369' title='bbox 883 4705 1014 4788; x_wconf 65' lang='lat' dir='ltr'>captati</span> <span class='ocrx_word' id='word_1_370' title='bbox 1036 4705 1124 4772; x_wconf 74' lang='lat' dir='ltr'>altri</span> <span class='ocrx_word' id='word_1_371' title='bbox 1138 4703 1337 4770; x_wconf 70' lang='lat' dir='ltr'>solidamina</span> <span class='ocrx_word' id='word_1_372' title='bbox 1351 4707 1751 4790; x_wconf 58' lang='lat' dir='ltr'>constantissimarum</span> <span class='ocrx_word' id='word_1_373' title='bbox 1767 4705 1858 4792; x_wconf 91' lang='lat' dir='ltr'>quod</span> <span class='ocrx_word' id='word_1_374' title='bbox 1873 4706 2000 4794; x_wconf 89' lang='lat' dir='ltr'>scripsi</span> <span class='ocrx_word' id='word_1_375' title='bbox 2015 4728 2081 4794; x_wconf 82' lang='lat' dir='ltr'>ego</span> <span class='ocrx_word' id='word_1_376' title='bbox 2099 4707 2269 4779; x_wconf 88' lang='lat' dir='ltr'>iohannes</span> <span class='ocrx_word' id='word_1_377' title='bbox 2291 4713 2423 4782; x_wconf 82' lang='lat' dir='ltr'>scriba.</span> 
     </span>
     <span class='ocr_line' id='line_1_29' title="bbox 607 4827 1839 4950; baseline 0.002 -26"><span class='ocrx_word' id='word_1_378' title='bbox 607 4857 634 4950; x_wconf 86' lang='lat'>†</span> <span class='ocrx_word' id='word_1_379' title='bbox 658 4861 734 4944; x_wconf 84' lang='lat' dir='ltr'>Ego</span> <span class='ocrx_word' id='word_1_380' title='bbox 758 4857 940 4926; x_wconf 82' lang='lat' dir='ltr'>dauferius</span> <span class='ocrx_word' id='word_1_381' title='bbox 964 4857 1125 4925; x_wconf 88' lang='lat' dir='ltr'>notarius</span> <span class='ocrx_word' id='word_1_382' title='bbox 1148 4877 1204 4924; x_wconf 91' lang='lat' dir='ltr'>me</span> <span class='ocrx_word' id='word_1_383' title='bbox 1227 4859 1436 4945; x_wconf 86' lang='lat' dir='ltr'>subscripsi.</span> <span class='ocrx_word' id='word_1_384' title='bbox 1835 4827 1839 4834; x_wconf 21' lang='grc' dir='ltr'>ι</span> 
     </span>
    </p>
   </div>
   <div class='ocr_carea' id='block_1_5' title="bbox 605 5009 1281 5102">
    <p class='ocr_par' dir='ltr' id='par_1_5' title="bbox 605 5009 1281 5102">
     <span class='ocr_line' id='line_1_30' title="bbox 605 5009 1281 5102; baseline 0.003 -26"><span class='ocrx_word' id='word_1_385' title='bbox 605 5011 633 5102; x_wconf 83' lang='lat'>†</span> <span class='ocrx_word' id='word_1_386' title='bbox 657 5013 731 5096; x_wconf 81' lang='lat' dir='ltr'>Ego</span> <span class='ocrx_word' id='word_1_387' title='bbox 754 5009 973 5097; x_wconf 82' lang='lat' dir='ltr'>grimoaldus</span> <span class='ocrx_word' id='word_1_388' title='bbox 997 5031 1052 5078; x_wconf 92' lang='lat' dir='ltr'>me</span> <span class='ocrx_word' id='word_1_389' title='bbox 1075 5010 1281 5098; x_wconf 87' lang='lat' dir='ltr'>subscripsi.</span> 
     </span>
    </p>
   </div>
   <div class='ocr_carea' id='block_1_6' title="bbox 1340 5323 1640 5615">
    <p class='ocr_par' dir='ltr' id='par_1_6' title="bbox 1340 5323 1640 5615">
     <span class='ocr_line' id='line_1_31' title="bbox 1411 5323 1569 5405; baseline 0.019 -3"><span class='ocrx_word' id='word_1_390' title='bbox 1411 5323 1569 5405; x_wconf 87' lang='lat' dir='ltr'>MCV</span> 
     </span>
     <span class='ocr_line' id='line_1_32' title="bbox 1340 5535 1640 5615; baseline 0.007 -3"><span class='ocrx_word' id='word_1_391' title='bbox 1340 5537 1400 5612; x_wconf 87' lang='lat' dir='ltr'>A.</span> <span class='ocrx_word' id='word_1_392' title='bbox 1428 5535 1485 5611; x_wconf 92' lang='lat' dir='ltr'>D.</span> <span class='ocrx_word' id='word_1_393' title='bbox 1515 5539 1640 5615; x_wconf 87' lang='lat'>1048</span> 
     </span>
    </p>
   </div>
   <div class='ocr_carea' id='block_1_7' title="bbox 600 5731 1358 5820">
    <p class='ocr_par' dir='ltr' id='par_1_7' title="bbox 600 5731 1358 5820">
     <span class='ocr_line' id='line_1_33' title="bbox 600 5731 1358 5820; baseline 0.013 -24"><span class='ocrx_word' id='word_1_394' title='bbox 600 5731 709 5797; x_wconf 72' lang='lat' dir='ltr'>Attae</span> <span class='ocrx_word' id='word_1_395' title='bbox 730 5733 923 5818; x_wconf 78' lang='lat' dir='ltr'>exemplar</span> <span class='ocrx_word' id='word_1_396' title='bbox 943 5736 1157 5820; x_wconf 77' lang='lat' dir='ltr'>praedictae</span> <span class='ocrx_word' id='word_1_397' title='bbox 1170 5736 1358 5806; x_wconf 74' lang='lat' dir='ltr'>obortae...</span> 
     </span>
    </p>
   </div>
   <div class='ocr_carea' id='block_1_8' title="bbox 0 0 2732 7104">
    <p class='ocr_par' dir='ltr' id='par_1_8' title="bbox 0 0 2732 7104">
     <span class='ocr_line' id='line_1_34' title="bbox 0 0 2732 7104; baseline 0 4"><span class='ocrx_word' id='word_1_398' title='bbox 0 0 2732 7104; x_wconf 95' lang='lat' dir='ltr'> </span> 
     </span>
    </p>
   </div>
  </div>
 </body>
</html>
