5372 7106
976 517 1429 600 brenehnrlous
2017 515 2096 598 289?

281 729 388 796 robus
410 726 474 792 dat
496 724 541 792 de
564 723 727 792 iamdicti
750 721 967 792 monasterio
990 721 1105 790 sancti
1130 716 1357 805 archangeli.
1394 717 1605 804 nequando
1640 736 1782 786 necesse
1816 717 1926 787 fuerit
1949 718 1994 788 ad
2019 719 2135 807 ipsum

279 883 445 952 abbatem
470 882 526 946 vel
566 879 612 946 ad
649 897 732 947 suos
769 895 990 946 successores
1026 878 1106 964 ipsa
1143 893 1223 944 mea
1259 875 1393 953 sortio,
1419 873 1577 962 qualiter
1614 874 1841 954 dictumest,
1866 877 1975 942 sortio
2000 875 2178 988 etflnis·

280 1031 570 1120 agnoscendum,
596 1033 637 1099 ut
666 1049 732 1118 ego
755 1031 913 1117 meisque
951 1029 1142 1097 heredibus
1171 1047 1236 1116 per
1274 1047 1337 1096 nos
1374 1029 1470 1116 ipsos
1496 1032 1534 1097 et
1570 1048 1635 1116 per
1658 1030 1799 1098 nostros
1834 1031 1983 1099 heredes
2018 1048 2141 1116 perve-

280 1185 360 1253 niat
381 1185 427 1254 ad
450 1185 643 1254 bidendum
682 1183 781 1253 vobis
820 1187 935 1270 ipsum
960 1185 1122 1250 nostrum
1146 1186 1335 1252 roboreum
1358 1184 1557 1272 scriptum,
1594 1184 1753 1270 qualiter
1790 1184 1881 1253 illud
1904 1203 1986 1252 oum
2010 1189 2140 1256 nostris

279 1339 501 1408 consortibus
524 1337 753 1415 retinuimus,
779 1340 820 1405 ut
841 1340 915 1424 ipse
939 1339 1046 1404 rebus
1069 1339 1108 1402 et
1128 1336 1210 1404 duis
1226 1339 1263 1403 et
1277 1335 1471 1406 sortionem
1496 1337 1714 1422 agnoscatis,
1740 1339 1777 1406 et
1799 1339 1967 1406 sortionis
1991 1339 2136 1420 exinde,

282 1492 377 1562 siout
398 1492 535 1561 dictum
559 1493 626 1570 est,
652 1489 847 1579 recipiatis,
865 1495 902 1559 et
916 1510 983 1578 ego
1000 1509 1055 1560 me
1079 1490 1118 1558 in
1141 1490 1259 1579 ipsum
1275 1491 1456 1576 prefatum
1480 1491 1700 1560 monasterio
1716 1493 1931 1560 monachum
1948 1494 2138 1573 constituo,

281 1649 321 1714 ut
342 1647 424 1732 post
446 1664 565 1712 meum
587 1644 750 1713 hobitum
774 1644 812 1712 in
835 1644 958 1736 eodem
983 1643 1200 1711 monasterio
1223 1645 1280 1711 vel
1313 1643 1438 1712 diebus
1474 1644 1548 1711 vite
1582 1662 1660 1712 mee
1682 1645 1842 1713 hibidem
1865 1665 1922 1712 me
1946 1646 2138 1714 constituo.

281 1801 421 1868 Interea
444 1818 511 1885 ego
534 1799 596 1885 qui
619 1817 729 1886 supra
752 1797 869 1867 dictus
892 1797 1045 1876 marino,
1070 1796 1114 1864 de
1136 1797 1231 1865 sicut
1253 1815 1310 1866 me
1333 1817 1423 1866 rone
1446 1797 1643 1865 voluntatis
1666 1799 1895 1884 complacuit,
1927 1803 2011 1868 ante
2035 1821 2140 1870 vono-

281 1973 360 2022 rum
384 1953 570 2020 hominum
592 1953 877 2040 subscriptorum
899 1953 1075 2030 testium,
1102 1952 1273 2020 confirmo
1297 1953 1394 2020 hunc
1417 1949 1585 2020 videlicet
1607 1950 1783 2038 scriptum
1812 1970 1962 2040 meaque
1985 1955 2140 2024 offertio

280 2126 347 2186 ne,
373 2110 412 2175 ut
448 2109 525 2194 ipse
562 2107 692 2176 domno
727 2110 838 2176 abbas
875 2107 1039 2194 iaquinto
1077 2109 1114 2174 et
1135 2124 1217 2174 suos
1251 2124 1474 2175 successores
1509 2107 1545 2174 et
1568 2125 1653 2193 pars
1677 2108 1857 2193 prefatum
1880 2107 2139 2177 monasterium

280 2281 360 2330 cum
383 2265 419 2330 te
441 2248 685 2350 suprascripte
707 2265 824 2338 rebus,
842 2261 1001 2348 qualiter
1024 2261 1241 2338 dictumest,
1259 2262 1393 2329 habeat
1413 2263 1451 2327 et
1473 2259 1634 2327 dominat
1656 2261 1693 2327 et
1716 2258 1861 2327 faciatis
1885 2279 1991 2348 quem
2016 2263 2139 2331 volue-

280 2416 361 2484 ritis
384 2435 466 2485 cum
490 2417 594 2504 aquis
617 2414 698 2483 fluis
721 2417 758 2482 et
780 2415 858 2483 vice
881 2414 924 2481 de
947 2413 1028 2482 biis.
1068 2415 1100 2480 A
1136 2416 1314 2480 securiter
1337 2415 1373 2480 et
1397 2413 1550 2480 firmiter
1587 2411 1740 2480 hamodo
1763 2413 1800 2508 et
1822 2429 1963 2500 semper
1994 2416 2033 2481 tu
2058 2433 2141 2502 pre-

280 2570 396 2638 dictus
420 2571 548 2638 domno
572 2569 758 2657 iaquintus
782 2571 893 2637 abbas
915 2569 1058 2655 tuisque
1081 2567 1375 2645 successoribus,
1404 2568 1441 2634 et
1463 2585 1549 2652 pars
1573 2567 1691 2654 ipsum
1715 2569 1895 2653 prelatum
1920 2571 2139 2640 monasterio

279 2725 358 2812 ipsa
379 2723 589 2811 supradicta
612 2726 718 2791 rebus
741 2724 944 2792 habendum
969 2743 1050 2790 cum
1073 2721 1195 2790 omnia
1217 2721 1316 2789 infra
1337 2738 1376 2787 se
1398 2719 1643 2796 habentibus,
1681 2722 1718 2788 et
1742 2721 1947 2789 faciendum
1983 2740 2053 2810 que
2079 2745 2138 2794 ro·

280 2876 430 2944 lueritis.
456 2879 504 2944 De
527 2895 599 2964 qua
621 2895 687 2964 per
710 2876 973 2945 combenientia
995 2894 1061 2962 ego
1085 2873 1276 2943 iamdictus
1300 2871 1441 2940 marino
1465 2871 1646 2958 largiente
1662 2891 1776 2940 uxore
1799 2876 1836 2940 et
1858 2874 1925 2942 filii
1949 2877 2034 2954 mei,
2053 2897 2138 2966 qua·

280 3031 366 3099 liter
389 3030 565 3099 nominati
586 3033 699 3108 sunt,
735 3032 773 3096 et
795 3049 869 3098 una
891 3049 974 3097 cum
997 3029 1085 3116 ipsis
1108 3030 1276 3115 guadiam
1301 3027 1369 3096 tibi
1393 3023 1713 3096 iamdictodomno
1736 3025 1901 3114 iaquinto
1932 3031 2055 3098 abbati
2079 3031 2140 3100 de·

280 3183 420 3262 dimus,
446 3186 483 3251 et
504 3184 744 3252 fideiussorem
768 3181 836 3249 tibi
858 3181 1040 3268 posuimus
1061 3183 1164 3268 petro
1187 3181 1260 3249 filio
1283 3181 1464 3271 quondam
1488 3179 1644 3248 iohanne
1667 3181 1928 3250 bisinianenses
1957 3183 2135 3258 abitatore

280 3339 423 3407 deloco
446 3339 508 3428 qui
529 3340 664 3408 dicitur
687 3340 823 3408 ancilla
845 3340 914 3418 dei,
941 3340 1034 3408 unde
1057 3343 1095 3408 et
1118 3360 1182 3409 nos
1204 3360 1340 3421 sumus;
1358 3345 1395 3410 et
1418 3362 1483 3431 per
1507 3343 1586 3430 ipsa
1608 3344 1746 3431 guadia
1760 3344 1880 3432 obligo
1904 3364 1961 3412 me
1984 3346 2022 3412 et
2037 3363 2137 3414 meos

279 3496 427 3564 heredes
450 3497 577 3564 amodo
599 3501 637 3565 et
658 3515 799 3585 semper
822 3495 1079 3566 defensandum
1102 3497 1233 3566 inclita
1255 3498 1421 3585 predicta
1445 3489 1567 3567 no'stra
1589 3501 1778 3569 offertione
1816 3501 1855 3568 in
1878 3501 2039 3588 predicto
2063 3521 2137 3570 mo-

280 3649 450 3727 nasterio,
475 3653 512 3718 et
535 3651 600 3718 tibi
623 3649 751 3718 domno
775 3648 911 3726 abbati,
936 3650 1042 3718 etad
1066 3651 1146 3718 tuos
1168 3651 1444 3729 successoribus,
1462 3651 1621 3738 qualiter
1643 3670 1758 3739 supra
1782 3655 1888 3720 rebus
1910 3652 2076 3721 declarat
2091 3652 2136 3721 de

279 3819 364 3886 pars
387 3801 496 3870 uxori
518 3803 556 3870 et
577 3801 801 3870 consortibus
824 3801 968 3879 nostris,
994 3804 1031 3869 et
1054 3801 1101 3869 da
1123 3805 1239 3870 omnis
1256 3803 1423 3870 humana
1445 3821 1612 3890 persona,
1637 3804 1674 3870 et
1698 3803 1839 3891 quando
1856 3853 2089 3872 .......
2125 3854 2133 3870 .

279 3955 537 4024 monasterium
561 3957 619 4024 vel
640 3956 717 4024 eius
740 3959 898 4026 rectores
922 3959 1066 4025 autores
1081 3955 1239 4024 voluerit
1260 3954 1344 4024 inde
1366 3972 1444 4023 esse
1460 3957 1604 4023 autores
1628 3955 1685 4022 vel
1700 3953 1918 4034 defensores,
1935 3959 2046 4025 liceat
2066 4011 2073 4026 .
2096 4011 2104 4026 .
2129 4010 2137 4026 .

279 4108 409 4178 exinde
431 4129 583 4180 causare
604 4115 642 4179 et
663 4111 770 4180 finem
792 4113 913 4180 facere
936 4131 1017 4180 curn
1042 4110 1221 4180 monimen
1243 4113 1281 4180 et
1304 4109 1381 4178 vice
1404 4109 1448 4178 de
1472 4109 1747 4188 muniminibus,
1772 4112 1913 4179 etcum
1937 4113 2054 4180 omnis
2085 4164 2094 4182 .
2128 4164 2136 4180 .

283 4309 514 4340 .......
539 4263 719 4350 prefatum
743 4263 1000 4330 monasterium
1024 4263 1207 4330 hahuerit.
1233 4264 1278 4329 Et
1300 4261 1395 4330 sicut
1416 4261 1575 4330 diximus
1598 4261 1645 4330 ad
1668 4263 1936 4349 agnoscendum
1959 4266 2072 4334 sertio
2096 4271 2136 4336 et

278 4415 383 4482 finem
403 4465 674 4484 ........
691 4415 855 4501 contigit,
881 4431 947 4503 per
969 4434 1034 4484 nos
1050 4418 1087 4482 et
1108 4431 1174 4502 per
1199 4414 1333 4484 nostris
1356 4415 1551 4484 heredibus
1573 4417 1712 4486 abeatis
1738 4417 1784 4486 ad
1808 4417 2000 4488 bidendum
2017 4421 2139 4507 ipsum

280 4571 488 4657 preceptum
512 4570 590 4657 ipsa
612 4570 776 4656 predicta
800 4575 905 4641 rebus
933 4620 1201 4638 ........
1239 4573 1276 4637 et
1299 4571 1440 4657 quando
1463 4589 1528 4658 per
1552 4591 1613 4640 vos
1651 4573 1697 4640 ad
1720 4574 1989 4658 agnoscendum
2015 4575 2133 4662 ipsum

279 4721 451 4809 scriptum
475 4723 653 4801 abebitis,
685 4725 786 4793 nobis
810 4724 1011 4793 restituatis
1033 4724 1148 4811 ipsum
1173 4725 1334 4794 nostrum
1359 4729 1544 4793 roboreum
1551 4774 2007 4796 .............
2033 4728 2132 4806 Quod

279 4879 310 4945 si
333 4877 459 4947 taliter
480 4879 603 4947 omnia
625 4881 873 4968 suprascripta
895 4899 960 4968 per
982 4879 1190 4967 supradicto
1214 4879 1365 4948 hordine
1388 4898 1455 4966 ego
1479 4881 1620 4948 marino
1643 4883 1680 4948 et
1696 4881 1785 4948 meis
1800 4882 1993 4950 heredibus
2021 4933 2029 4949 .
2060 4933 2068 4950 .
2097 4929 2106 4948 .
2129 4935 2135 4950 .

279 5033 384 5101 etad
407 5035 485 5101 tuos
507 5051 728 5102 successores
752 5037 788 5102 et
811 5033 856 5102 ad
881 5053 965 5121 pars
988 5034 1103 5121 ipsum
1118 5033 1329 5103 iamdicturn
1354 5035 1610 5104 monasterium
1634 5053 1707 5102 non
1722 5034 2038 5122 adimpleverimus
2067 5085 2105 5105 ..
2128 5087 2135 5103 .

278 5189 328 5263 et,
353 5186 511 5284 qualiter
533 5205 645 5275 supra
666 5187 816 5274 legitur,
842 5187 1006 5256 minuare
1029 5189 1261 5268 voluerimus,
1279 5208 1344 5277 per
1368 5209 1431 5257 nos
1453 5191 1511 5255 vel
1537 5208 1601 5276 per
1624 5189 1851 5258 summissam
1876 5193 2051 5268 nostram,
2070 5210 2137 5279 per

279 5337 394 5426 ipsam
417 5341 590 5426 guadiam
614 5341 733 5428 obligo
757 5359 814 5409 me
838 5341 900 5429 qui
923 5359 1034 5429 supra
1056 5341 1196 5411 marino
1219 5347 1257 5412 et
1279 5344 1367 5412 meis
1382 5343 1575 5413 heredibus
1586 5345 1634 5413 ad
1649 5343 1930 5431 componendum
1954 5344 2020 5412 tibi
2036 5343 2137 5412 dom·

278 5509 324 5560 no
347 5493 509 5582 iaquinto
533 5495 656 5564 abbati
679 5497 716 5564 et
739 5495 782 5564 ad
805 5499 885 5564 tuos
908 5515 1141 5576 successores,
1166 5497 1272 5566 etad
1295 5516 1380 5585 pars
1403 5499 1518 5586 ipsum
1543 5501 1759 5568 monasterio
1783 5499 1864 5568 auri
1887 5498 2019 5567 solidos
2051 5517 2136 5567 con·

278 5646 429 5715 stantini
452 5650 624 5727 centum,
663 5651 700 5717 et
722 5667 791 5738 que
814 5669 926 5738 supra
948 5651 1086 5738 legitur
1109 5654 1234 5720 nostra
1256 5651 1453 5720 offertionis
1477 5652 1583 5720 firma
1605 5653 1643 5719 et
1664 5652 1796 5720 stabile
1830 5655 2043 5741 permaneat
2069 5670 2137 5738 per

277 5801 488 5890 supradicta
509 5803 645 5890 guadia
667 5807 704 5872 ot
726 5805 886 5892 predicto
909 5805 1118 5875 mediatore:
1143 5805 1281 5895 questio
1305 5811 1342 5875 et
1363 5807 1537 5886 causatio,
1570 5827 1639 5894 que
1661 5808 1792 5877 exinde
1814 5805 1997 5874 commisse
2020 5805 2137 5874 fuerit

358 5924 429 5982 run.
452 5937 494 5977 vu
2024 5923 2060 5979 ⁸7
