5452 7108
994 521 1427 602 <ommittimus
2071 531 2113 602 Il

302 731 390 794 mus,
416 717 453 780 et
475 733 540 800 per
562 715 677 784 onmis
700 734 834 784 annum
858 717 942 784 illut
963 737 993 784 a„
1040 719 1189 797 luemus,
1215 719 1309 788 sicut
1332 720 1516 798 meruerit,
1542 723 1579 786 et
1601 740 1665 806 por
1687 721 1803 790 omnis
1827 740 1962 789 annum
1985 722 2159 792 iactamus

301 887 364 955 pro
387 870 547 954 tempore
570 867 614 934 de
637 887 722 938 aree
746 869 917 938 faciamus
941 890 1004 940 nos
1026 871 1118 940 sciro
1142 873 1217 960 ipse
1241 875 1351 943 abbas
1374 875 1430 941 vel
1453 892 1672 942 successores
1695 893 1789 952 suos
1816 877 1872 943 vel
1895 894 1980 963 pars
2002 876 2164 963 predicte

300 1021 465 1098 ecclesie,
492 1021 538 1088 ud
562 1019 692 1090 ividem
715 1021 878 1110 dirigant
902 1023 1048 1092 missurn
1072 1026 1245 1105 illorum,
1270 1029 1308 1093 et
1329 1047 1397 1114 ego
1421 1031 1459 1096 et
1482 1047 1576 1096 meos
1599 1027 1722 1096 eredes
1746 1026 1816 1114 ipsi
1839 1028 1954 1095 lavori
1978 1027 2167 1112 recolliga-

300 1193 390 1251 mus,
416 1178 453 1242 et
475 1175 696 1254 tritulemuS,
722 1180 759 1244 et
782 1177 905 1245 demus
921 1178 1149 1246 medietatem
1173 1179 1219 1248 ad
1243 1180 1359 1267 ipsum
1383 1180 1529 1250 missum
1545 1181 1756 1250 terraticum
1780 1181 1824 1248 do
1848 1181 1925 1267 ipsa
1941 1184 2059 1262 rebus,
2077 1201 2165 1272 quo-

300 1331 403 1398 modo
431 1337 485 1399 est
507 1331 724 1400 consuetudo
747 1332 791 1400 de
815 1334 888 1402 alia
912 1338 1017 1402 rebus
1040 1334 1198 1422 predicte
1222 1335 1398 1412 ecclesie,
1435 1338 1472 1402 et
1495 1353 1559 1402 nos
1582 1335 1697 1421 ipsum
1721 1335 1868 1402 missum
1892 1335 2089 1402 nutriamus
2113 1357 2167 1404 se-

301 1484 459 1552 cundum
484 1489 606 1552 nostra
628 1485 874 1572 possiviIItate‚
892 1489 929 1553 et
951 1506 1081 1575 equum
1105 1486 1148 1554 de
1172 1486 1288 1574 ipsum
1304 1489 1450 1556 missum
1474 1489 1673 1557 nutriamus
1694 1490 1739 1557 ad
1754 1491 1861 1577 palea
1883 1493 1920 1556 et
1939 1489 2160 1558 adordeum.

302 1638 356 1705 Ad
379 1637 455 1726 ipso
482 1640 715 1708 constitutum
738 1643 949 1726 completum
972 1641 1197 1710 remIttamus
1220 1641 1299 1728 ipsa
1322 1644 1427 1710 rebus
1450 1641 1495 1710 ad
1518 1660 1602 1728 pars
1625 1641 1785 1728 predicte
1808 1643 1969 1710 ecclesie.
2000 1643 2099 1711 Unde
2125 1644 2163 1712 in

299 1813 340 1862 eo
363 1793 516 1862 hordine
541 1813 605 1880 por
628 1814 720 1864 vona
743 1795 993 1864 conbenientIa
1014 1796 1184 1882 guadiam
1209 1795 1317 1864 michi
1339 1797 1455 1882 ipsum
1495 1799 1604 1864 abbas
1628 1795 1708 1865 dedi
1733 1799 1769 1863 et
1792 1797 2023 1868 mediatorem
2051 1799 2163 1868 michi

300 1948 422 2033 posuit
444 1947 624 2014 monaldus
646 1948 822 2034 presbiter
844 1947 940 2015 filius
963 1947 1140 2036 quondam
1165 1949 1274 2032 (deest
1290 1948 1448 2030 democh
1488 1949 1525 2014 et
1547 1965 1611 2032 per
1635 1947 1715 2034 ipsa
1748 1948 1883 2034 guadio
1915 1947 2092 2035 obligavit
2126 1968 2165 2018 se

300 2102 419 2187 ipsum
443 2102 553 2170 abbas
575 2109 720 2188 etpars
742 2100 901 2189 predicte
923 2099 1085 2177 ecclesie,
1111 2103 1152 2166 ut
1173 2103 1250 2170 tota
1271 2100 1515 2188 suprascripta
1537 2101 1731 2170 traditione
1765 2101 1951 2171 defensare
1989 2103 2089 2170 nobis
2115 2103 2162 2172 da

300 2255 415 2323 omnis
438 2256 574 2322 omines
596 2255 762 2342 omnique
785 2254 948 2342 partibus
970 2272 1050 2321 cum
1074 2251 1152 2322 hice
1174 2249 1217 2322 de
1241 2253 1300 2324 via
1322 2273 1400 2324 sua.
1439 2256 1536 2334 Quod
1559 2256 1590 2324 si
1613 2252 1735 2324 talimr
1758 2259 1828 2324 etc.
1854 2258 2000 2326 Statutc
2023 2257 2160 2324 mulcta

303 2413 436 2498 ciptntt
452 2412 542 2480 cart
556 2411 755 2478 solidorum
769 2410 1164 2478 constantissimarum.
1190 2407 1287 2486 Quod
1309 2405 1434 2496 scripsi
1458 2427 1524 2495 ego
1547 2411 1670 2496 petrus
1695 2408 1866 2477 notarius.

347 2565 375 2656 †
398 2567 472 2650 Ego
496 2561 645 2631 alterius
668 2561 873 2630 nomInatus
895 2560 1065 2628 dlaconus
1089 2555 1365 2648 archipresbiter
1387 2563 1424 2628 et
1445 2562 1569 2629 abbas.

349 2717 377 2808 †
400 2721 477 2804 Ego
500 2719 624 2804 petrus
647 2716 823 2804 presbiter
846 2718 883 2783 et
905 2712 1175 2802 primiclericus.

347 2875 393 2940 la
407 2875 483 2958 fiae
497 2873 647 2958 legitur:
672 2871 725 2940 Ab
747 2869 885 2938 oriente
909 2867 1005 2955 passi
1028 2869 1144 2945 Lllll,
1169 2886 1192 2936 a
1215 2867 1471 2934 Sebtemtrione
1494 2867 1586 2956 passi
1611 2867 1766 2944 XXXII,
1792 2868 1838 2934 ab
1859 2865 2042 2934 occidente
2065 2867 2161 2954 passi

307 3029 426 3105 LVIII,
451 3046 475 3095 a
496 3025 643 3094 meridie
666 3025 761 3112 passi
784 3025 948 3092 XXXIII.

1038 3275 1410 3290 ψ

1052 3495 1399 3580 MLXXXIII

1072 3747 1131 3822 A.
1160 3744 1217 3820 D.
1246 3745 1371 3822 1047

345 3947 373 4037 †
398 3949 437 4016 In
460 3948 603 4016 nomine
627 3947 761 4019 domini
783 3946 949 4019 vicesimo
964 3968 1057 4017 nono
1073 3968 1167 4017 anno
1189 3947 1411 4035 principatus
1425 3946 1544 4016 domni
1562 3947 1675 4016 nostri
1690 3946 1885 4035 guaimarii
1900 3947 2047 4034 gloriosi
2066 3948 2164 4034 prin·

304 4099 405 4188 cipis,
431 4103 476 4169 Et
498 4120 590 4170 nono
613 4121 708 4171 anno
731 4101 881 4170 ducatus
904 4103 982 4171 eius
1003 4102 1162 4180 Amalfls,
1181 4104 1226 4172 ut
1248 4105 1373 4208 octabo
1396 4121 1490 4172 anno
1512 4102 1663 4172 ducatus
1686 4102 1785 4171 illius
1809 4102 1970 4181 Sirrenti‚
1989 4103 2034 4170 nt
2057 4107 2160 4172 sexto

304 4274 399 4325 anno
421 4255 640 4345 principatus
664 4260 701 4324 et
721 4257 879 4343 ipsorum
902 4256 1096 4326 ducatuum
1119 4255 1240 4325 domni
1278 4256 1399 4343 gisulfi
1421 4257 1546 4326 eximii
1569 4255 1743 4344 principis
1778 4259 1815 4326 et
1837 4256 1937 4324 ducis
1970 4256 2037 4324 filii
2071 4257 2160 4337 eius,

301 4427 422 4477 mense
444 4409 555 4496 Iunio,
572 4408 840 4497 quintadecima
853 4407 1058 4476 indictione.
1084 4411 1173 4476 Dum
1196 4411 1322 4478 (loram
1345 4409 1524 4498 presentia
1539 4409 1773 4498 suprascripti
1796 4408 1917 4478 domni
1932 4407 2045 4476 nostri
2061 4410 2162 4496 guai-

303 4563 410 4632 marii
432 4537 650 4632 serenissimi
673 4553 755 4632 et'a
775 4563 839 4631 deo
863 4563 1065 4631 conserbati
1087 4563 1260 4650 principis
1297 4565 1334 4630 et
1356 4563 1455 4630 ducis
1479 4564 1597 4631 essent
1627 4562 1775 4630 domnus
1797 4562 1903 4649 guido
1927 4562 2001 4630 dux
2024 4565 2062 4631 et
2084 4563 2162 4649 pal·

303 4714 420 4786 dnltus
442 4716 607 4804 germani
629 4715 706 4786 eius
728 4719 797 4785 hac
819 4713 883 4785 filii
899 4715 1051 4806 gloriose
1074 4714 1331 4784 recordatIonis
1347 4711 1466 4784 domni
1488 4713 1683 4802 guaimarii
1706 4713 1891 4802 principis,
1909 4717 1955 4782 Iit
1977 4734 2040 4784 nos
2055 4717 2161 4784 Ama-

302 4876 358 4942 tus
381 4877 418 4940 et
440 4875 612 4942 Iohannes
636 4868 781 4950 ludices,
806 4875 843 4940 et
864 4871 1022 4959 plurima
1042 4890 1187 4940 suorum
1211 4870 1347 4940 circum
1370 4871 1508 4940 adesset
1530 4872 1638 4940 turba
1659 4869 1831 4948 fidelium,
1859 4865 2070 4938 Romoaldus
2094 4870 2157 4960 qui

300 5030 355 5096 est
376 5046 570 5114 germanus
592 5024 699 5096 michi
722 5024 879 5107 Iohanni,
908 5045 972 5117 per
995 5026 1185 5096 iussionem
1209 5027 1320 5115 ipsius
1342 5025 1462 5098 domni
1486 5025 1657 5113 principis
1680 5029 1717 5094 et
1739 5021 1837 5094 ducis
1874 5021 2003 5094 ostcdit
2024 5026 2160 5114 scripta

305 5183 354 5251 ita
377 5183 606 5252 continentie.
643 5185 718 5269 Ego
742 5183 941 5252 romoaldus
964 5201 1029 5269 pro
1053 5185 1156 5269 parte
1179 5179 1298 5250 domni
1322 5181 1435 5251 nostri
1457 5181 1654 5268 guaimarii
1675 5176 1893 5248 serenissimi
1927 5175 2098 5267 principis
2123 5183 2160 5247 et

302 5337 402 5406 ducis
424 5337 530 5406 divisi
554 5355 611 5404 res
634 5355 723 5424 quas
745 5338 820 5424 ipse
842 5337 1005 5407 dominus
1027 5337 1193 5426 princeps
1216 5340 1253 5406 et
1274 5337 1349 5406 dux
1372 5355 1576 5405 communes
1599 5337 1709 5404 habet
1731 5353 1810 5403 cum
1845 5333 1972 5402 domno
1994 5331 2152 5420 guidone

300 5490 392 5559 duce
415 5494 453 5559 et
474 5491 634 5579 paldnlto
657 5490 830 5559 tratribus
854 5491 928 5560 suis
951 5481 1142 5559 infinibus
1166 5489 1321 5566 lucanie,
1347 5488 1408 5557 ubi
1430 5488 1574 5575 proprie
1597 5486 1666 5555 duo
1689 5485 1838 5554 flumina
1860 5486 2005 5566 dicitur,
2029 5487 2067 5552 et
2090 5485 2158 5554 soci

308 5661 354 5711 an
377 5643 464 5732 Ipsis
486 5645 592 5712 rebus
614 5647 688 5712 tres
710 5646 843 5722 sortes;
869 5643 983 5711 Unam
1006 5642 1046 5710 in
1068 5645 1172 5730 parte
1194 5641 1359 5710 meridiei
1381 5644 1419 5709 et
1439 5641 1594 5710 alteram
1617 5639 1656 5709 in
1679 5644 1782 5727 parte
1804 5639 2083 5730 septemtrIonis,
2110 5643 2155 5708 ut

299 5799 414 5868 aliam
440 5798 480 5867 in
502 5797 675 5870 medium.
696 5799 811 5885 Ipsam
834 5799 965 5866 sortem
989 5799 1020 5864 A
1044 5799 1148 5885 parto
1171 5796 1321 5866 meridie
1343 5797 1411 5864 teci
1435 5815 1500 5883 per
1522 5796 1610 5864 flues
1631 5799 1669 5863 et
1684 5813 1869 5866 mensuras
1891 5795 1983 5864 iusto
2009 5813 2153 5881 passum

442 5981 517 6042 ΤοΙ.
534 5993 582 6038 tu.
2107 5949 2121 6000 ὑ
