5398 7106
651 489 720 563 260
1303 493 1475 568 llbbllx
1513 498 1772 576 cavullsls

604 701 671 752 sua
693 687 730 752 et
752 683 897 752 illorum
922 687 1070 754 heredes
1094 686 1377 774 suprascriptam
1401 690 1630 759 donationem
1654 713 1779 779 perse
1803 697 2022 777 defendere,
2062 681 2274 786 potestatem
2298 707 2457 774 habeant

604 837 758 924 qualiter
782 837 964 904 voluerint
987 857 1067 904 cum
1093 838 1257 906 omnibus
1281 840 1542 909 muniminibus
1564 847 1601 910 et
1618 844 1821 914 rationibus
1845 869 1934 936 quas
1957 851 2001 918 de
2026 871 2070 920 ea
2094 856 2327 924 ostenderint.
2346 862 2391 926 Et
2413 861 2455 934 si,

596 989 690 1056 sicut
712 991 879 1077 superius
902 992 1077 1078 scriptum
1101 996 1167 1070 est,
1192 993 1268 1081 ipse
1293 994 1443 1063 domnus
1466 997 1633 1084 princeps
1656 1004 1693 1067 et
1717 1019 1798 1070 suos
1823 1005 1972 1074 heredes
1997 1008 2110 1094 ipsius
2134 1010 2316 1078 dumnelle
2351 1014 2453 1080 etad

599 1143 668 1229 ipsi
692 1145 805 1262 lilium
830 1149 867 1214 et
889 1147 965 1216 filia
989 1166 1055 1214 sua
1075 1196 1082 1226 ,
1109 1148 1214 1216 etad
1238 1165 1363 1216 eorum
1390 1152 1540 1220 heredes
1563 1173 1633 1221 non
1656 1157 1961 1244 adimpleverint,
1998 1165 2035 1228 et
2059 1166 2305 1250 suprascripta
2330 1167 2386 1232 vel
2409 1181 2458 1232 ex·

600 1300 651 1368 eis
676 1301 866 1388 quicquam
894 1322 1078 1370 removere
1102 1308 1168 1372 aut
1190 1308 1439 1376 contradicere
1462 1313 1758 1399 presumpserint,
1784 1333 1849 1400 per
1873 1315 1987 1402 ipsam
2017 1318 2188 1402 guadiam
2212 1321 2389 1406 obligavit
2417 1339 2455 1387 se

596 1459 633 1526 et
656 1476 735 1524 suos
759 1459 910 1526 heredes
935 1478 1149 1547 componere
1172 1465 1418 1552 suprascripte
1445 1467 1629 1535 dumnelle
1650 1472 1688 1537 et
1711 1471 1756 1536 ad
1781 1471 1851 1557 ipsi
1875 1472 1987 1540 lilium
2012 1477 2049 1540 et
2071 1475 2146 1542 fllia
2169 1494 2235 1542 sua
2270 1477 2373 1543 etad
2398 1495 2455 1542 eo-

594 1631 673 1680 rum
690 1615 854 1690 heredes,
873 1616 1159 1704 quadringentos
1183 1622 1266 1688 auri
1289 1623 1418 1689 solidos
1443 1626 1701 1700 constantinus,
1720 1629 1757 1693 et
1779 1626 1873 1694 sieut
1895 1630 2061 1714 superius
2076 1629 2249 1714 scriptum
2272 1635 2327 1696 est
2342 1631 2455 1698 adim·

594 1771 706 1859 plere.
732 1773 798 1839 bec
822 1773 943 1864 omnia
967 1775 1215 1861 suprascripta
1240 1778 1325 1844 fecit
1347 1777 1462 1863 ipsam
1480 1780 1667 1848 domnella
1689 1782 1886 1848 secundum
1901 1785 2020 1868 legem
2043 1787 2079 1850 et
2095 1786 2311 1850 cousuetudo
2338 1805 2453 1852 roma-

593 1944 736 2003 norum,
762 1930 799 1994 et
822 1945 894 1998 una
918 1947 997 1994 cum
1023 1929 1088 1995 illa
1112 1931 1252 1998 adesset
1274 1933 1545 2016 procuratorem
1568 1954 1685 2002 suum.
1713 1937 1758 2002 llt
1782 1937 1908 2004 taliter
1932 1938 1997 2005 tibi
2020 1937 2169 2006 iohanni
2194 1939 2337 2006 notario
2361 1941 2451 2006 scri·
2478 1991 2488 2000 .

1774 2019 1778 2027 ι

593 2083 678 2149 bere
702 2081 860 2170 precepi.

640 2237 667 2328 †
692 2238 767 2323 Ego
792 2240 854 2326 qui
878 2259 989 2326 supra
1013 2245 1156 2309 amatus
1178 2241 1302 2310 iudex.

1378 2631 1653 2714 MCCVIII

1373 2879 1436 2955 A.
1463 2876 1521 2951 D.
1551 2877 1676 2952 1054

633 3147 662 3238 †
686 3150 725 3215 Iu
749 3149 893 3216 nomine
918 3149 1320 3218 domini·tertiodecimo
1344 3168 1439 3216 anno
1463 3149 1685 3236 principatus
1709 3149 1830 3254 domni
1855 3150 1967 3218 nostri
1991 3149 2110 3235 gisulfi
2144 3150 2325 3233 gloriosus
2350 3149 2452 3235 prin-

589 3320 685 3388 ceps,
711 3320 831 3370 mense
856 3303 1068 3379 nobembri‚
1093 3305 1222 3370 octaba
1246 3303 1452 3370 indictione.
1494 3304 1784 3373 blemoratorium
1809 3306 1944 3371 factum
1968 3323 1990 3370 a
2014 3322 2070 3370 me
2095 3302 2244 3370 alferius
2269 3301 2450 3370 diaconus

589 3457 870 3544 archipresbiter
894 3461 930 3525 et
955 3460 1064 3526 abbas
1087 3457 1237 3538 ecclesie
1260 3459 1378 3526 saneti
1402 3458 1565 3534 maximi,
1584 3457 1645 3545 qui
1671 3477 1749 3526 sum
1776 3477 1884 3525 unum
1908 3475 1954 3524 ex
1979 3456 2053 3523 illis
2079 3456 2207 3543 quibus
2231 3456 2310 3542 ipsa
2333 3459 2453 3523 eccle-

588 3611 644 3679 sia
666 3612 836 3698 pertinet,
863 3615 955 3678 Ante
979 3611 1171 3696 subscripti
1195 3611 1338 3679 idoneos
1362 3613 1534 3688 homines,
1560 3632 1624 3699 per
1647 3611 1908 3680 cembenZentia
1933 3609 2068 3678 tradidi
2096 3611 2318 3677 constantini
2344 3613 2449 3676 moli·

590 3770 694 3834 nator
717 3767 782 3832 lllii
807 3767 984 3854 quondam
1011 3766 1115 3833 basili
1140 3766 1320 3851 integrum
1346 3767 1518 3833 molinum
1543 3763 1743 3853 pertinente
1768 3767 1878 3852 ipsius
1902 3765 2080 3839 ecclesie,
2120 3763 2214 3851 quod
2237 3764 2449 3832 edificatum

588 3919 703 3986 estin
727 3919 833 3987 dubio
858 3919 965 3985 lirino
990 3939 1069 3986 cum
1095 3921 1187 3986 mole
1210 3922 1247 3985 et
1270 3919 1604 3994 terraturiis-eius,
1645 3919 1737 3987 idest
1760 3939 1837 3987 cum
1864 3921 1963 3986 beote
1990 3918 2034 3985 de
2059 3920 2228 3994 ferrum,
2269 3921 2306 3983 et
2329 3919 2451 3986 tribus

589 4075 732 4150 anellis,
758 4077 794 4140 et
816 4074 1024 4150 securiccla,
1049 4077 1086 4140 et
1110 4075 1264 4150 ranola,
1290 4077 1326 4140 et
1349 4091 1429 4140 oum
1453 4073 1646 4140 arkaturia
1667 4091 1756 4148 sua,
1782 4077 1819 4138 et
1842 4073 1964 4148 isclis,
1991 4075 2130 4138 etcum
2155 4073 2354 4140 homnibus*
2372 4073 2452 4140 suis

586 4228 813 4316 pertinentiis
836 4229 873 4294 et
895 4229 1066 4303 sedimen,
1093 4231 1130 4294 et
1152 4247 1234 4294 cum
1260 4227 1335 4294 bice
1359 4225 1402 4291 de
1427 4225 1486 4293 bia
1508 4244 1586 4324 sua,
1605 4226 1764 4312 qualiter
1788 4225 1904 4312 ipsum
1930 4225 2101 4292 molinum
2127 4225 2289 4311 legitimo
2315 4245 2441 4294 mace-

587 4401 676 4452 nare
700 4381 840 4469 possed,
866 4400 946 4448 cum
972 4401 1036 4448 usu
1061 4401 1237 4468 aquarum
1260 4381 1304 4448 de
1327 4381 1443 4468 ipsum
1469 4379 1653 4454 molinum,
1672 4378 1829 4464 qualiter
1854 4379 1938 4444 illut
1964 4396 2074 4464 usque
2099 4397 2192 4445 nulio
2209 4379 2452 4448 molinatores

586 4542 795 4608 tenuerunt.
822 4537 957 4604 Taliter
981 4535 1064 4602 illut
1086 4537 1119 4604 ei
1145 4536 1291 4614 tradidi,
1319 4541 1359 4604 ut
1382 4537 1507 4603 amodo
1531 4541 1568 4603 et
1593 4555 1703 4624 usque
1731 4554 1839 4620 unum
1863 4555 1998 4602 annum
2022 4536 2258 4621 completum,
2286 4538 2326 4603 ut
2349 4556 2454 4605 com·

586 4694 691 4782 plead
715 4693 753 4760 in
779 4691 903 4759 ultimo
927 4690 985 4758 die
1009 4689 1053 4756 de
1075 4685 1479 4776 suprascriptossmense.
1520 4697 1556 4757 et
1580 4692 1642 4758 ille
1666 4693 1802 4758 eteius
1826 4691 1975 4758 heredes
1999 4690 2115 4758 licead
2150 4691 2274 4756 tencre
2310 4653 2452 4758 ¹inclita

586 4848 665 4935 ipsa
687 4845 930 4917 tradictione,
957 4845 1055 4910 fovee
1079 4845 1116 4908 et
1138 4842 1252 4908 omnis
1275 4861 1338 4908 sue
1363 4821 1531 4910 utilitatis
1556 4843 1604 4912 ivi
1628 4847 1746 4912 faeere
1770 4855 1805 4913 et
1830 4847 1938 4911 abere
1962 4843 2056 4910 iusta
2081 4842 2287 4920 rationem,
2321 4847 2359 4910 et
2388 4843 2452 4910 die

586 5000 764 5083 noctuque
790 4998 903 5080 ipsum
928 4993 1100 5060 molinum
1126 4993 1303 5059 custodire
1327 4993 1390 5059 ille
1414 4995 1549 5062 eteius
1573 4997 1734 5075 heredes,
1760 5000 1797 5065 et
1819 4998 1997 5064 ominibus
2022 4997 2178 5068 illorum,
2197 5003 2233 5062 et
2258 4997 2452 5077 conciare,

586 5153 627 5218 ut
650 5149 813 5235 legitime
838 5165 1027 5214 macenare
1052 5165 1166 5233 possa,
1185 5151 1221 5212 et
1243 5149 1273 5212 sl
1298 5147 1375 5234 ipsa
1399 5149 1596 5216 ferratur-ia
1618 5149 1831 5220 adconoiare
1857 5149 2025 5226 noluerit,
2044 5169 2111 5236 ego
2137 5151 2191 5216 vcl
2214 5127 2451 5219 successores

586 5321 694 5380 meos,
720 5305 784 5369 aut
807 5319 891 5387 pars
915 5301 1160 5388 suprascripte
1182 5299 1331 5367 ecclesie
1355 5300 1445 5368 illud
1468 5301 1580 5368 faeiat
1602 5303 1780 5380 conciare,
1805 5307 1842 5369 et
1865 5303 2011 5392 illisivi
2036 5303 2205 5376 adiubet,
2234 5307 2340 5390 prout
2369 5325 2453 5372 me-

583 5457 653 5524 liut
676 5455 844 5543 potuerit.
870 5455 1043 5522 Similiter
1066 5441 1155 5523 etsi
1179 5456 1257 5542 ipsa
1281 5455 1474 5523 arkaturia
1497 5474 1562 5541 per
1585 5457 1693 5542 plena
1718 5457 1877 5544 ruperit,
1903 5475 1984 5544 pars
2007 5458 2117 5543 ipsius
2141 5455 2289 5524 ecclesie
2314 5475 2364 5526 ea
2396 5460 2456 5528 la-

584 5609 666 5678 ciad
690 5609 869 5686 conciare,
895 5612 931 5674 et
955 5609 1017 5676 ille
1040 5613 1077 5676 et
1099 5608 1277 5676 ominibus
1300 5607 1375 5676 suis
1399 5607 1448 5674 ivi
1473 5608 1588 5676 adino
1605 5613 1654 5686 nt,
1673 5613 1807 5696 querito
1832 5609 1960 5676 melius
1984 5609 2178 5696 potuerint,
2197 5628 2261 5696 per
2284 5612 2448 5682 bomnes

586 5763 707 5840 vices3
741 5765 778 5830 et
801 5763 941 5848 quando
967 5765 1060 5832 mole
1084 5762 1123 5829 in
1146 5761 1262 5850 ipsum
1288 5763 1459 5854 molinum
1484 5779 1627 5830 necesse
1650 5761 1786 5838 suerit,
1828 5782 1891 5831 nos
1917 5764 1970 5830 vel
1996 5782 2079 5850 pars
2103 5765 2261 5852 predicte
2284 5765 2452 5834 ecclesie
