5398 7106
607 477 677 552 228
1265 471 1438 554 CODEX
1469 483 1771 556 CAVENSlS'

551 671 597 742 de
619 672 717 742 intus
740 675 833 741 hanc
857 671 1038 740 civitatem
1063 677 1100 743 et
1123 675 1161 741 in
1184 675 1347 742 omnibus
1371 678 1476 745 rebus
1499 677 1687 747 stavilibus
1710 680 1747 745 et
1769 696 1853 745 casa
1880 729 2072 744 ......
2099 675 2192 762 quod
2217 675 2407 762 pertineba

552 806 621 913 ipsi
647 845 729 892 urso
752 828 794 892 ut
817 827 884 912 ipsi
907 827 973 894 lilii
997 831 1033 893 et
1056 828 1206 895 filiastro
1300 881 1307 896 .
1337 883 1344 896 .
1375 883 1381 896 .
1401 833 1439 897 et
1461 815 1606 917 equales
1629 831 1712 900 inde
1736 837 1965 920 permaneret
1987 829 2033 898 ad
2056 829 2284 897 dividendum
2310 829 2406 895 iuter

548 978 589 1045 se
613 973 702 1045 illud
726 978 764 1045 in
789 964 934 1047 tertiam
958 984 1099 1068 partem
1124 981 1199 1068 ipse
1222 982 1372 1050 filiastro
1395 983 1493 1060 eius,
1519 986 1556 1051 et
1577 987 1654 1052 elus
1677 983 1826 1051 heredes
1850 984 2026 1050 haberent
2048 981 2092 1050 de
2116 983 2229 1049 totum
2253 981 2400 1049 tertiam

551 1133 692 1218 partem
712 1180 721 1208 ,
745 1133 877 1222 etipse
901 1135 966 1202 lilii
990 1135 1066 1202 eius
1090 1137 1126 1203 et
1149 1135 1293 1202 illorum
1316 1136 1466 1204 heredes
1493 1188 1650 1204 .....
1674 1137 1769 1206 sicut
1790 1138 1869 1224 ipsa
1889 1139 1994 1206 carta
2017 1136 2203 1212 continet,
2228 1109 2397 1222 scriptam

552 1305 617 1374 per
639 1285 844 1356 mirandum
869 1291 1050 1376 notarium
1073 1339 1080 1368 ,
1105 1290 1143 1357 in
1166 1310 1238 1378 qua
1260 1289 1453 1378 subscripti
1476 1292 1560 1358 sunt
1582 1289 1753 1356 iohannes
1776 1291 1812 1356 et
1835 1287 2038 1357 radoaldus.
2062 1288 2224 1356 octaba:
2248 1288 2292 1356 de
2315 1289 2399 1356 duo-

548 1435 688 1505 decimo
712 1439 806 1506 anno
830 1439 1054 1527 principatus
1076 1441 1311 1528 suprascripti
1346 1441 1466 1509 domni
1500 1443 1612 1509 nostri
1636 1440 1775 1527 gisulfi,
1801 1459 1920 1507 mense
1944 1439 2076 1526 magio,
2101 1442 2205 1508 sexta
2236 1439 2398 1507 indictio·

548 1591 596 1658 ne
622 1639 856 1659 .......
892 1593 1056 1660 comitem
1080 1596 1117 1660 et
1139 1593 1291 1661 iudicem
1313 1593 1389 1681 ipse
1412 1594 1519 1662 lando
1543 1596 1661 1663 iulans
1698 1593 1791 1662 lilius
1829 1593 1923 1680 petri
1946 1593 2155 1662 coniunctus
2179 1595 2298 1692 luerat
2320 1611 2401 1660 cum

547 1742 703 1817 iohanne
725 1747 801 1816 filio
826 1749 1005 1825 lamberti,
1032 1751 1068 1815 et
1091 1767 1171 1815 cum
1188 1768 1332 1835 gemma
1353 1749 1430 1816 lilia
1453 1748 1620 1816 iohannis
1643 1747 1687 1814 de
1702 1747 1810 1824 mala,
1828 1748 1865 1813 et
1879 1745 2032 1814 liliastra
2054 1748 2134 1812 erat
2150 1745 2261 1831 ipsius
2277 1745 2401 1812 iohan-

548 1900 619 1978 nis,
644 1903 682 1968 et
703 1903 910 1987 cumpetro
933 1917 1127 1986 germanus
1151 1900 1263 1988 ipsius
1286 1919 1437 1987 gemme,
1456 1902 1500 1969 ad
1517 1900 1719 1970 faciendum
1743 1899 1839 1968 inter
1861 1918 1899 1966 se
1922 1899 2028 1967 linem
2052 1899 2093 1965 de
2116 1898 2395 1975 causationibus,

547 2052 643 2120 unde
665 2053 751 2121 ante
775 2049 865 2118 eum'
881 2054 1095 2120 causaverat
1118 2052 1158 2117 ut
1182 2054 1276 2119 malo
1300 2053 1451 2120 hordine
1474 2053 1657 2120 introisset
1672 2053 1710 2120 in
1727 2071 1784 2120 res
1807 2054 2026 2139 pertinentes
2049 2053 2161 2138 ipsius
2176 2053 2342 2120 landonis
2357 2053 2401 2120 de

545 2205 625 2272 loco
649 2205 791 2272 locubia
814 2204 1013 2292 propinquo
1036 2207 1189 2272 ecclesia
1212 2206 1328 2273 sancti
1352 2205 1526 2284 eustasii,
1552 2208 1589 2272 et
1611 2207 1772 2274 interra
1797 2225 1879 2275 eum
1902 2226 1987 2276 casa
2010 2207 2053 2275 de
2078 2207 2177 2276 intus
2200 2209 2266 2275 hec
2290 2211 2398 2286 cives,

545 2360 584 2426 et
604 2359 711 2427 lovea
733 2357 783 2427 ibi
808 2359 950 2428 lecisset
978 2411 1128 2425 .....
1155 2359 1399 2436 disturbasset,
1425 2363 1462 2428 et
1485 2363 1644 2438 arbores,
1669 2363 1706 2428 et
1729 2361 1819 2428 vites
1842 2361 1885 2430 de
1910 2359 1996 2447 ipsis
2021 2363 2126 2428 rebus
2150 2359 2400 2438 abscidissem,

546 2514 584 2579 et
607 2529 709 2600 sepes
734 2513 939 2599 rupissent,
965 2513 1110 2601 stipsis
1134 2517 1233 2582 terra
1256 2533 1336 2581 cum
1361 2533 1445 2583 casa
1467 2517 1505 2582 et
1527 2519 1633 2583 rebus
1656 2514 1770 2582 eidem
1793 2514 1939 2582 landoni
1962 2515 2188 2582 contrasset:
2222 2513 2277 2580 illi
2300 2513 2385 2581 dixe

542 2668 628 2734 rant
651 2669 776 2754 plures
802 2670 901 2736 terra
923 2688 1004 2736 cum
1028 2687 1113 2736 casa
1136 2668 1234 2736 intus
1257 2671 1322 2736 hec
1346 2667 1441 2736 cives
1464 2669 1501 2735 et
1517 2669 1622 2736 rebus
1638 2668 1764 2736 haberi
1787 2667 1826 2734 in
1849 2668 1925 2754 ipso
1949 2669 2039 2743 loco;
2056 2667 2118 2734 sed
2144 2666 2282 2734 nescire
2307 2668 2399 2734 unde

536 2837 623 2920 cum
647 2820 699 2889 eis
723 2824 943 2899 causarent,
975 2824 1012 2888 et
1035 2822 1131 2889 inter
1154 2821 1205 2890 eis
1231 2821 1478 2898 iudicaverat,
1518 2825 1557 2888 ut
1580 2840 1662 2889 cum
1685 2819 1802 2889 iudice
1824 2826 1860 2887 et
1883 2821 2023 2888 notario
2047 2821 2092 2892 ad
2117 2823 2232 2907 ipsam
2261 2823 2397 2890 terram

537 2993 623 3044 cum
647 2933 733 3044 casa
756 2977 793 3042 et
816 2994 873 3042 res
896 2977 1102 3063 pergerent,
1117 2977 1155 3043 et
1176 2975 1251 3062 ipse
1275 2974 1382 3042 lando
1405 2978 1622 3043 monstraret
1644 2975 1695 3043 eis
1714 2933 1813 3044 ¹unde
1836 2994 1917 3042 eum
1941 2975 1993 3041 eis
2016 2977 2239 3042 causaverat.
2263 2979 2315 3041 sat
2334 2995 2399 3042 an-

543 3131 692 3217 tequam
716 3128 762 3197 'ad
785 3127 880 3214 ipsas
904 3129 1021 3196 terras
1049 3179 1279 3194 .......
1305 3145 1369 3214 per
1391 3130 1511 3216 partes
1534 3129 1768 3197 ostenderunt
1801 3129 1945 3196 illorum
1969 3128 2168 3196 munimina
2198 3127 2243 3195 de
2269 3129 2397 3215 quibus

537 3280 577 3349 in
604 3285 682 3370 ipsa
704 3283 808 3351 carta
830 3283 1013 3350 declarate
1037 3283 1133 3349 sunt.
1158 3282 1244 3349 Cum
1260 3283 1387 3349 autem
1406 3282 1547 3350 fuerant
1569 3284 1727 3360 iectast
1750 3283 1907 3368 plurima
1922 3283 2135 3351 altercantio
2151 3283 2379 3360 interessent,

534 3439 733 3525 antequam
756 3455 821 3524 per
844 3439 963 3522 legem
987 3435 1077 3502 illud
1099 3435 1273 3512 linirent,
1309 3435 1386 3520 ipse
1411 3454 1514 3504 ursus
1537 3437 1739 3505 casteldeus
1762 3437 1911 3505 dederat
1938 3437 2095 3524 ipsorum
2118 3435 2310 3512 iohannis,
2347 3441 2384 3504 et

537 3591 743 3668 lamberto,
774 3591 811 3657 et
834 3589 920 3678 ipsis
944 3608 1084 3676 gemme
1107 3592 1145 3656 et
1167 3588 1314 3656 iohanni
1338 3589 1415 3656 viro
1438 3588 1666 3676 eiusviginti
1690 3593 1726 3658 et
1747 3593 1825 3658 octo
1849 3590 1929 3658 auri
1954 3593 2124 3667 tarenos,
2161 3593 2198 3659 et
2221 3591 2295 3658 illis
2320 3611 2384 3678 pro

537 3751 641 3835 parte
663 3765 784 3815 eorum
806 3747 843 3812 et
865 3746 909 3812 de
932 3745 1007 3831 ipsc
1031 3747 1132 3831 petro
1156 3762 1329 3830 germano
1351 3743 1556 3830 supradicte
1579 3762 1719 3830 gemme
1742 3743 1954 3810 remiserant
1976 3744 2022 3811 ad
2046 3745 2161 3830 ipsum
2187 3761 2309 3812 ursum
2327 3763 2387 3812 ca·

530 3877 725 3976 stald'eum,
750 3917 815 3986 pro
839 3901 942 3986 parte
965 3897 1077 3984 ipsius
1100 3897 1264 3965 landonis
1288 3899 1325 3964 ct
1347 3875 1391 3964 de
1414 3897 1578 3984 germani
1602 3899 1678 3965 eius
1701 3899 1840 3966 cartule
1864 3915 1932 3985 que
1955 3898 2199 3976 ostenderant,
2215 3900 2253 3966 ei
2277 3913 2386 3965 uuum

537 4047 736 4121 iudicatum
761 4053 937 4139 scriptum
960 4071 1025 4138 per
1048 4049 1251 4118 mirandum
1275 4051 1482 4129 notarium,
1519 4051 1564 4118 ad
1588 4052 1790 4120 faciendum
1813 4051 1965 4138 deipsis
1988 4050 2140 4118 cartulis
2173 4053 2211 4118 et
2244 4050 2288 4118 de
2313 4051 2392 4138 ipso

504 4185 507 4192 ¹
536 4205 695 4276 iudicato
719 4203 783 4273 ille
807 4205 941 4292 etipse
965 4221 1159 4290 germanus
1182 4206 1258 4272 eius
1281 4211 1318 4272 et
1341 4204 1485 4274 illorum
1508 4204 1657 4273 heredes
1680 4203 1850 4292 quicquid
1874 4204 2041 4280 voluerit,
2066 4207 2102 4270 et
2127 4184 2380 4290 obligaverant

477 4405 480 4412 -
529 4377 573 4428 se
598 4361 637 4427 et
657 4377 739 4428 suos
760 4357 921 4436 heredes,
947 4361 987 4425 ut
1010 4343 1081 4426 non
1104 4358 1297 4446 aliquando
1319 4361 1478 4444 tempore
1501 4377 1581 4426 cum
1605 4357 1691 4444 ipsis
1713 4355 1909 4442 germanis,
1934 4356 2000 4424 lilii
2021 4357 2256 4445 suprascripti
2279 4359 2386 4444 petri,

534 4517 680 4603 nepotes
704 4512 814 4601 ipsius
839 4513 913 4580 ursi
937 4507 1122 4589 castaldei,
1148 4515 1204 4578 vel
1228 4531 1309 4579 cum
1333 4511 1477 4580 illorum
1501 4512 1691 4579 heredibus
1714 4510 1758 4579 da
1781 4511 1868 4597 ipsis
1892 4512 1991 4578 terra
2006 4529 2086 4578 cum
2111 4529 2196 4580 casa
2218 4513 2255 4578 et
2279 4514 2388 4578 rebus

531 4685 606 4755 que
630 4667 750 4736 iuerat
773 4665 861 4743 ursi,
887 4665 981 4752 quod
1003 4666 1038 4732 ei
1062 4669 1100 4732 in
1123 4666 1254 4732 sortem
1275 4639 1459 4742 evenerat,
1483 4682 1549 4750 per
1571 4665 1710 4732 cariam
1733 4662 1945 4740 divisionis,
1984 4681 2136 4734 causare
2159 4665 2221 4730 aut
2242 4669 2384 4732 contin·

448 4813 452 4822 '
528 4822 619 4890 dere
643 4839 707 4910 per
730 4820 891 4909 qualibet
914 4819 1063 4886 inventa
1084 4817 1236 4895 ratione,
1254 4819 1310 4884 vel
1333 4836 1397 4905 per
1420 4817 1580 4906 quolivet
1603 4817 1755 4896 modum,
1781 4821 1818 4886 et
1841 4818 1933 4886 aliut
1955 4818 2172 4896 continebat,
2190 4818 2374 4906 sicutipse

529 4975 677 5045 cartula
699 4973 869 5064 continet,
896 4973 1030 5060 scripta
1053 4990 1116 5058 per
1139 4972 1329 5040 iohannem
1354 4971 1558 5049 notarium,
1584 4971 1620 5039 in
1645 4991 1752 5061 quam
1774 4973 1849 5061 ipse
1871 4973 1944 5042 sico
1968 4991 2083 5042 comes
2106 4977 2143 5041 et
2165 4973 2274 5042 iudex
2297 4975 2378 5040 sub-

514 5093 689 5217 ¹scriptus
712 5129 779 5196 est.
806 5128 955 5196 Nonam:
979 5126 1176 5194 innomine
1196 5125 1332 5194 domini
1355 5119 1620 5213 quartodecimo
1643 5145 1737 5195 anno
1754 5127 1975 5214 principatus
1989 5127 2109 5196 domni
2125 5127 2237 5196 nostri
2253 5127 2378 5196 iohan-

533 5281 600 5360 ni,
625 5284 664 5350 et
684 5281 809 5351 octabo
833 5299 927 5350 anno
950 5279 1173 5368 principatus
1196 5278 1315 5348 domni
1338 5279 1533 5368 guaimarii
1555 5280 1632 5348 eius
1654 5277 1715 5347 lilii
1739 5281 1882 5367 gloriosi
1905 5281 2152 5369 principibus,
2185 5300 2304 5352 meme
2328 5279 2377 5348 le-

530 5437 692 5514 bruario,
717 5435 855 5504 decima
877 5434 1082 5503 indictione.
1108 5435 1397 5505 Memoratorium
1421 5433 1554 5504 lactum
1570 5455 1592 5504 a
1608 5454 1663 5503 me
1686 5435 1802 5523 pando
1826 5435 1937 5505 lilium
1961 5437 2316 5523 quondamctenolli
2341 5455 2385 5502 eo

525 5587 626 5675 quod
649 5589 734 5656 ante
756 5587 948 5674 subscripti
971 5590 1079 5656 testes
1099 5581 1312 5657 coniunctus
1335 5607 1413 5655 sum
1437 5588 1482 5656 ad
1506 5591 1632 5656 bonam
1656 5587 1943 5656 convenientiam
1967 5607 2049 5656 cum
2073 5607 2156 5656 urso
2190 5589 2265 5658 illio
2286 5589 2383 5658 idem

527 5741 620 5819 ursi,
637 5761 709 5810 una
731 5759 812 5810 cum
835 5742 912 5829 ipse
935 5760 1018 5810 urso
1041 5743 1182 5810 adesset
1197 5746 1398 5813 teudericus
1422 5745 1668 5814 advocatorem
1692 5763 1793 5810 suum
1813 5747 1955 5830 proptor
1979 5743 2023 5810 ad
2040 5742 2264 5810 dividonlum
2282 5744 2378 5811 inter
