5398 7106
603 447 670 521 ns
959 541 962 548 .
1236 445 1413 520 oooux
1440 390 1711 522 onvuusis

556 643 652 729 passi
675 643 884 728 octuaginta
908 643 998 717 duo,
1024 643 1061 710 e't
1083 662 1106 710 a
1128 643 1381 730 septemtrione
1404 634 1499 730 passi
1523 643 1792 730 quadraginta,
1830 649 1866 712 et
1888 665 1910 712 a
1935 645 2082 712 meridie
2105 649 2189 712 abet
2206 648 2306 732 passi
2337 643 2400 711 tri-

554 797 660 881 ginta
683 795 778 872 duo,
815 800 926 864 totum
954 800 1197 864 mensuratum
1222 796 1267 864 ad
1292 797 1384 864 iusto
1408 815 1551 883 passum
1574 795 1697 863 omini.
1735 798 1880 882 Integra
1903 797 1973 864 ista
1995 798 2097 885 pecie
2144 797 2188 865 de
2224 801 2321 864 terra
2344 816 2408 884 per

551 953 796 1037 suprascripte
819 951 906 1018 fines
930 953 966 1016 et
990 967 1156 1017 mensuro
1180 969 1246 1036 ego
1269 951 1426 1036 ipsorum
1450 951 1615 1037 germani
1639 951 1788 1019 tradidit
1812 952 1878 1020 tali
1900 953 2037 1028 ordine,
2057 957 2096 1020 ut
2119 953 2242 1021 amodo
2258 957 2295 1020 et
2309 954 2406 1022 omni

548 1107 733 1190 tempore,
761 1107 863 1171 natos
888 1106 1073 1171 nascentes
1093 1153 1100 1182 ,
1128 1103 1237 1192 ipsius
1261 1103 1443 1190 germanis
1466 1102 1569 1170 etde
1592 1105 1736 1172 illorum
1760 1104 1908 1172 heredes
1930 1106 2003 1172 sint
2026 1105 2211 1192 potestatis
2235 1107 2328 1174 illud
2353 1109 2402 1174 te·
2510 1199 2541 1208 -.
2631 1113 2634 1118 ’

551 1259 721 1330 nendum,
748 1259 845 1324 sebee
868 1261 905 1325 et
926 1258 1041 1327 omnis
1065 1257 1209 1326 illorum
1235 1257 1402 1326 utilitatis
1425 1259 1520 1326 iusta
1544 1259 1683 1326 ratione
1707 1258 1836 1326 ibidem
1861 1259 1978 1327 faeere
2002 1263 2038 1326 et
2065 1311 2220 1326 .....
2255 1260 2300 1327 de
2323 1261 2402 1328 illis

546 1416 584 1480 et
607 1413 682 1479 eius
706 1413 829 1479 eredes
852 1431 992 1498 semper
1005 1464 1271 1480 ........
1298 1416 1335 1479 et
1358 1433 1380 1480 a
1404 1417 1589 1500 presentes
1613 1415 1687 1482 illis
1712 1419 1787 1482 tota
1810 1415 1889 1502 ipsa
1912 1416 2105 1484 traditione
2128 1421 2318 1505 pastenare
2344 1438 2402 1486 ar-

547 1567 625 1634 bori
654 1569 690 1632 et
714 1567 779 1634 biti
802 1566 845 1632 de
870 1569 959 1634 bono
985 1566 1131 1646 bitineo,
1146 1571 1183 1634 et
1206 1569 1267 1635 ubi
1291 1567 1465 1635 meruerit
1489 1521 1594 1653 poma
1617 1571 1653 1635 et
1679 1569 1736 1636 ubi
1761 1570 1932 1636 meruerit
1959 1623 1965 1636 .
1995 1622 2002 1636 .
2033 1623 2040 1636 .
2071 1535 2246 1638 .insitare
2273 1572 2396 1640 insites

549 1723 608 1788 vel
633 1721 793 1797 robiole,
833 1726 870 1787 et
895 1721 1127 1809 quodcunque
1151 1721 1307 1789 frudium
1332 1723 1569 1804 indeexierit
1592 1725 1717 1790 amodo
1741 1728 1777 1790 et
1802 1743 1910 1811 usque
1934 1725 2055 1792 decem
2091 1725 2177 1792 anni
2213 1725 2393 1812 completi,

548 1876 663 1942 totum
687 1873 776 1942 illud
800 1873 875 1941 illis
897 1874 965 1942 sibi
991 1875 1135 1950 abeant,
1162 1875 1360 1942 faciendum
1384 1873 1467 1942 inde
1491 1875 1583 1961 quod
1608 1875 1796 1950 boluerint;
1815 1881 1861 1944 ab
1883 1877 1952 1964 ipsi
1975 1878 2099 1945 decem
2124 1879 2211 1946 anni
2235 1879 2394 1964 conpleti

551 2027 764 2114 assingnare
787 2028 874 2115 ipsis
897 2029 1079 2114 germanis
1102 2030 1158 2096 vel
1183 2029 1327 2096 illorum
1352 2029 1475 2097 eredes
1499 2028 1608 2097 michi
1633 2031 1772 2118 meique
1795 2031 1960 2098 aradibus
1992 2032 2135 2117 integra
2170 2033 2247 2118 ipsa
2284 2033 2395 2098 tradi-

553 2179 652 2247 tione
674 2182 822 2267 operata
846 2185 882 2247 et
904 2185 1007 2249 surta
1035 2185 1162 2249 bonum
1188 2186 1373 2251 arbustum
1397 2185 1548 2251 bitatum
1572 2187 1609 2251 et
1632 2189 1830 2270 operatum,
1856 2189 1918 2259 et,
1945 2185 2039 2250 uude
2064 2185 2264 2258 meruerit,
2291 2203 2400 2270 poma

545 2341 584 2404 et
607 2337 731 2406 insites
755 2341 790 2403 et
813 2337 963 2412 clusum,
977 2337 1071 2404 siout
1087 2338 1131 2404 de
1147 2341 1266 2404 tantos
1289 2357 1401 2405 annos
1424 2339 1523 2405 loeus
1547 2339 1623 2425 ipse
1647 2339 1832 2406 meruerit:
1850 2343 1886 2403 et
1909 2337 1979 2404 iam
2005 2341 2050 2404 ab
2073 2339 2141 2424 ipsi
2164 2340 2282 2406 decem
2311 2337 2401 2404 anni

546 2492 586 2559 in
611 2496 719 2560 antea
739 2492 836 2559 omni
860 2494 1021 2579 tempore
1045 2492 1114 2577 ipsi
1137 2491 1301 2576 germani
1324 2494 1361 2558 et
1384 2487 1527 2560 illorum
1552 2493 1675 2560 eredes
1698 2495 1828 2561 abeant
1851 2494 1928 2578 ipsa
1952 2493 2144 2560 traditione
2168 2493 2326 2580 qualiter
2341 2509 2401 2558 su-

549 2667 616 2734 pra
640 2647 808 2724 diximus
827 2650 863 2714 et
885 2665 950 2733 per
974 2647 1088 2714 omnis
1114 2666 1248 2714 annum
1274 2647 1365 2714 unde
1390 2647 1575 2725 meruerit,
1601 2647 1674 2715 illis
1697 2648 1787 2714 illud
1810 2649 2050 2735 propaginare
2074 2650 2109 2714 et
2133 2651 2324 2734 pasteuare
2340 2665 2402 2714 ar-

550 2805 627 2874 bori
652 2809 688 2872 et
712 2805 776 2872 biti
799 2805 843 2872 de
867 2809 956 2872 bono
982 2805 1141 2890 bitineo,
1167 2812 1229 2878 et,
1257 2806 1349 2872 unde
1375 2805 1575 2881 meruerit,
1602 2804 1674 2871 illis
1699 2804 1788 2871 illud
1811 2803 1954 2870 eludere
1978 2807 2014 2870 et
2037 2822 2173 2890 semper
2197 2803 2337 2868 elusum
2365 2805 2401 2866 et

545 2960 686 3028 salbum
712 2959 786 3026 illis
809 2958 900 3025 illud
924 2960 1067 3048 abeant,
1099 2961 1138 3024 ut
1160 2977 1300 3044 semper
1324 2958 1511 3043 proficiant
1534 2959 1571 3022 et
1604 2975 1673 3022 non
1695 2956 1923 3043 dispereant,
1949 2959 1985 3023 et
2008 2958 2054 3023 ab
2077 2956 2143 3042 ipsi
2167 2955 2288 3022 decem
2314 2951 2401 3019 anni

545 3114 584 3182 in
610 3117 718 3180 antea
742 3132 806 3200 per
827 3112 942 3180 omnis
966 3131 1100 3179 annum
1124 3111 1220 3177 omni
1245 3111 1405 3198 tempore
1429 3111 1567 3178 faciant
1592 3109 1664 3178 illis
1688 3129 1743 3177 me
1767 3113 1823 3177 vel
1861 3128 1955 3178 meos
1978 3109 2099 3176 eredes
2122 3108 2240 3182 scire,
2286 3110 2325 3172 ut
2351 3107 2400 3174 ibi

550 3268 750 3354 dirigamus
774 3269 918 3335 missum
943 3271 1129 3351 nostrum,
1172 3270 1208 3333 et
1232 3266 1304 3333 illis
1329 3269 1410 3334 abto
1435 3269 1596 3353 tempore
1621 3268 1698 3352 ipsa
1720 3264 1911 3335 traditione
1950 3265 2170 3334 bindemiare
2203 3265 2323 3350 ibique
2346 3263 2391 3330 ad

548 3425 794 3509 palmentum,
821 3427 857 3489 et
880 3423 994 3490 omnis
1019 3441 1123 3509 poma
1148 3441 1216 3508 que
1239 3422 1288 3488 ibi
1312 3426 1397 3488 suut
1420 3423 1476 3487 vel
1503 3421 1612 3488 suerit
1635 3441 1698 3488 suo
1725 3425 1879 3507 tempore
1903 3420 2077 3505 colligant
2100 3423 2136 3485 et
2159 3419 2303 3504 integra
2327 3437 2399 3484 me-

546 3577 680 3656 dietate
704 3580 819 3646 omnis
844 3579 965 3645 binum
990 3583 1025 3644 et
1049 3597 1153 3664 poma
1177 3597 1244 3663 que
1268 3577 1351 3643 inde
1375 3577 1533 3650 exierit,
1574 3577 1619 3643 ad
1643 3576 1718 3662 ipso
1743 3576 1887 3644 missum
1911 3575 1998 3640 dare
2022 3593 2104 3640 cum
2142 3574 2258 3640 media
2281 3573 2395 3640 omnis

545 3735 621 3802 alia
646 3735 765 3802 frudia
789 3735 881 3820 quod
908 3734 989 3800 inde
1015 3733 1173 3808 exierit,
1214 3735 1250 3798 et
1275 3732 1451 3833 reliquam
1477 3731 1703 3798 medietatem
1728 3731 1809 3798 iude
1832 3731 1900 3797 sibi
1924 3731 2057 3804 abere,
2100 3728 2305 3795 feriendum
2329 3745 2393 3813 per

553 3891 673 3972 partes
696 3887 738 3952 de
763 3904 828 3952 sua
851 3887 945 3952 sorte
969 3884 1062 3970 quod
1087 3885 1266 3950 boluerint
1290 3886 1367 3969 ipsa
1389 3887 1513 3952 nostra
1535 3887 1630 3950 sorte
1654 3885 1696 3950 de
1721 3883 1796 3970 ipso
1822 3884 1941 3950 binum
1983 3883 2056 3950 illis
2088 3882 2180 3949 illud
2222 3887 2399 3968 reponant

546 4041 666 4126 ibique
690 4040 728 4106 in
751 4040 874 4106 domus
898 4039 1043 4106 illorum
1067 4039 1104 4106 in
1129 4039 1207 4126 ipsa
1231 4041 1336 4106 rebus
1359 4039 1398 4105 in
1420 4057 1580 4123 organea
1604 4040 1725 4104 nostra
1759 4037 1806 4103 da
1830 4037 1949 4103 binum
1973 4056 2078 4123 quem
2112 4037 2261 4104 illorum
2285 4038 2398 4104 assin-

546 4193 779 4280 gaberimus,
820 4197 856 4260 et
879 4214 943 4281 per
968 4193 1041 4260 illis
1066 4197 1145 4279 ipsa
1169 4213 1329 4280 organea
1352 4213 1493 4280 semper
1516 4194 1613 4261 siant
1636 4197 1725 4261 bono
1747 4192 1910 4260 nunciata
1943 4195 1980 4259 et
2001 4194 2159 4260 studiata
2194 4195 2289 4260 intus
2317 4195 2396 4280 ipsa

548 4349 674 4416 domus
698 4349 842 4416 illorum
867 4349 995 4435 posita,
1022 4353 1059 4416 et
1081 4348 1156 4434 ipso
1181 4351 1302 4417 binum
1327 4352 1489 4416 nostrum
1513 4349 1653 4414 salbum
1678 4346 1752 4414 illis
1775 4347 1864 4414 illud
1888 4348 1988 4414 nubis
2011 4347 2170 4422 faciant,
2195 4348 2279 4416 dum
2304 4348 2393 4418 illud

546 4503 630 4570 inde
655 4503 843 4571 tulerimus
868 4507 1001 4590 absque
1026 4503 1305 4589 degeneratione
1328 4506 1364 4570 et
1387 4503 1525 4589 ingne,
1552 4505 1589 4570 et
1612 4502 1688 4569 illis
1712 4501 1802 4569 illud
1825 4503 2003 4570 seminare
2025 4523 2090 4590 per
2112 4506 2226 4573 omnis
2250 4525 2395 4582 annum,

548 4655 641 4724 siout
664 4655 850 4734 meruerit,
875 4661 912 4724 et
936 4656 1183 4744 quodcumque
1206 4656 1340 4723 victum
1364 4657 1447 4724 inde
1470 4657 1611 4733 exierit,
1637 4657 1746 4725 deant
1768 4655 1851 4724 inde
1875 4657 1949 4724 illis
1973 4657 2071 4726 nobis
2093 4659 2285 4726 seeundum
2318 4678 2400 4728 con·

554 4811 703 4884 suetudo
727 4811 770 4877 de
793 4811 869 4896 ipso
892 4811 1036 4890 locum,
1077 4814 1114 4877 et
1137 4830 1199 4896 per
1222 4809 1336 4877 omnis
1360 4829 1494 4876 annum
1521 4810 1631 4877 deant
1654 4811 1753 4879 nobis
1776 4811 2069 4897 palmentatioum
2091 4811 2285 4878 seeundum
2309 4763 2396 4878 con·

553 4969 703 5036 suetudo
725 4964 769 5033 ¹de
794 4967 869 5051 ipso
893 4968 1008 5032 locum
1034 4966 1108 5050 ipso
1132 4965 1277 5046 missum
1306 5012 1533 5030 .......
1561 4963 1712 5040 steterit,
1738 4963 1813 5030 illis
1836 4983 1916 5029 eum
1943 4963 2081 5030 nutrire
2104 4965 2297 5032 seeundum
2321 4965 2399 5032 illo-

547 5141 626 5189 rum
653 5119 887 5206 possibilitate
908 5143 917 5196 3
942 5123 978 5185 et
1002 5120 1108 5204 quale
1135 5122 1293 5205 tempore
1317 5120 1363 5185 ab
1385 5116 1453 5202 ipsi
1477 5115 1599 5184 decem
1625 5115 1712 5182 anni
1735 5115 1772 5181 in
1796 5117 1903 5182 antea
1925 5117 2169 5202 suprascripta
2193 5120 2297 5185 rebus
2320 5119 2397 5186 illis

553 5275 719 5342 laborare
743 5253 938 5364 noluerint,
964 5273 1108 5358 integra
1133 5273 1211 5360 ipsa
1236 5272 1381 5341 traditio
1406 5324 1413 5336 .
1442 5325 1450 5340 .
1480 5323 1487 5338 .
1518 5327 1525 5340 .
1558 5275 1707 5358 operata
1730 5274 1767 5337 et
1788 5275 1890 5338 surta
1914 5275 1951 5338 et
1974 5274 2160 5340 arbustum
2185 5273 2339 5340 bitatum
2364 5277 2401 5340 et

545 5429 746 5513 operatum,
773 5428 810 5492 et
834 5427 928 5493 unde
953 5426 1126 5493 meruerit
1148 5427 1286 5494 clusum
1311 5427 1502 5494 remictant
1526 5425 1598 5494 illis
1623 5425 1712 5494 illud
1735 5426 1781 5494 ad
1804 5427 1926 5494 nostra
1948 5428 2134 5513 potestate,
2160 5427 2393 5494 faciendum.

551 5629 741 5647 ......
749 5561 779 5646 ’.
809 5629 816 5644 .
846 5628 854 5646 .
885 5632 892 5646 .
922 5631 929 5646 .
960 5632 966 5646 .
996 5633 1003 5646 .
1034 5633 1040 5647 .
1072 5631 1079 5646 .
1110 5633 1117 5646 .
1147 5580 1261 5648 omnis
1284 5599 1408 5647 eorum
1432 5598 1554 5647 eausa.
1596 5582 1640 5646 Et
1661 5597 1725 5666 per
1748 5577 2007 5648 combenientia
2028 5579 2163 5665 guadia
2186 5579 2294 5646 michi
2330 5580 2397 5666 ipsi

545 5731 710 5818 germani
734 5731 913 5800 dederunt
936 5738 971 5800 et
994 5732 1234 5800 fideiussorem
1259 5735 1455 5818 posuerunt
1476 5737 1634 5819 seipsos3
1664 5737 1700 5800 et
1723 5752 1787 5820 per
1820 5731 1934 5820 ipsam
1957 5731 2127 5820 guadiam
2149 5731 2401 5818 obligaberunt
