5398 7106
975 485 1387 563 olrcounrlcus
1997 489 2067 566 2¹3

267 697 332 764 per
355 678 478 748 eadem
502 679 672 766 guadiam
696 683 731 749 61
754 681 1038 750 convenientiam
1061 681 1181 768 obligo
1205 699 1352 766 616636
1376 682 1499 767 petrus
1523 685 1560 750 61
1583 700 1678 752 meos
1701 682 1822 750 eredes
1853 682 2011 769 predicta
2033 701 2113 754 moa

272 831 457 900 6116111666
481 833 737 902 defensandum
763 833 802 902 16
826 834 988 920 partibus
1010 834 1123 921 ipsius
1145 835 1294 914 ecclesie
1317 838 1364 904 ab
1384 836 1547 906 omnibus
1569 836 1747 906 ominibus
1770 839 1816 904 ab
1844 837 2012 923 omnique
2034 857 2117 924 par-

270 985 376 1064 tibus,
401 986 568 1055 61166161
592 986 639 1056 da
662 987 737 1056 illis
759 987 936 1059 ominibus
959 990 996 1055 61
1019 984 1271 1076 partibusque
1294 1007 1358 1076 pro
1382 987 1513 1057 6661116
1536 991 1574 1058 61
1595 1007 1721 1058 earum
1752 988 1809 1056 vel
1833 986 1982 1056 illarum
2005 988 2117 1074 parti·

270 1140 334 1206 bus
357 1137 546 1225 aliquando
570 1141 729 1226 ternpore
752 1140 1021 1228 qualiscumque
1060 1139 1225 1208 miserint
1246 1141 1482 1210 causationes.
1523 1145 1558 1207 ot
1582 1139 1723 1227 quando
1746 1139 1928 1206 voluerint
1949 1139 2112 1226 partibus
2191 1181 2196 1190 ·

271 1291 381 1377 ipsius
402 1291 632 1360 ecolesievel
657 1295 814 1362 rectores
837 1311 901 1380 per
923 1311 962 1360 se
984 1293 1071 1380 ipsis
1093 1291 1176 1360 inde
1199 1311 1276 1362 esse
1297 1296 1443 1362 autores
1466 1296 1504 1360 61
1525 1291 1740 1369 defensores,
1760 1290 1836 1395 vice
1860 1291 2116 1362 66611611666-

268 1442 356 1512 tiam
379 1447 416 1512 et
438 1447 648 1532 potestatem
664 1447 803 1514 aveatis
826 1466 907 1516 cum
929 1446 1000 1516 ista
1016 1449 1170 1524 cartula,
1184 1465 1248 1514 seu
1266 1465 1348 1514 cum
1372 1447 1480 1534 quale
1502 1446 1579 1516 alia
1594 1451 1773 1516 monimen
1788 1448 1825 1513 61
1841 1446 2016 1514 16116666
2032 1445 2114 1514 inde

268 1613 376 1664 avere
398 1600 607 1684 potuerint,
634 1603 673 1668 in
696 1601 859 1670 omnibus
881 1601 964 1670 inde
987 1618 1137 1669 causare
1159 1603 1197 1667 et
1219 1602 1325 1668 116616
1350 1601 1489 1678 166616,
1516 1603 1553 1668 61
1574 1600 1660 1668 11161
1680 1599 1749 1668 sivi
1772 1599 1986 1667 defensaret.
2012 1601 2113 1674 Nam,

268 1752 410 1839 quando
434 1771 496 1822 nos
520 1756 728 1841 nostrosque
750 1755 873 1824 eredes
896 1755 979 1823 indo
1001 1757 1145 1822 autores
1168 1757 1205 1820 61
1228 1755 1429 1822 defensores
1454 1771 1561 1821 avere
1584 1753 1792 1841 quesierint,
1819 1771 1885 1821 666
1909 1755 2031 1821 661616
2057 1772 2117 1820 66-

268 1906 430 1992 strosque
452 1905 576 1974 eredes
598 1906 683 1975 illut
706 1907 758 1974 eis
780 1907 1014 1984 defensemus,
1028 1905 1122 1974 sicut
1143 1910 1309 1994 superius
1331 1900 1482 1995 legitur.¹
1504 1908 1656 1975 Tantum
1680 1925 1791 1993 usque
1813 1906 1897 1973 dum
1913 1923 1979 1992 ego
1995 1907 2117 1992 petrus

268 2058 370 2127 vibus
392 2061 505 2137 luero,
530 2078 651 2128 omnes
672 2061 832 2147 predicte
855 2065 962 2129 rebus
985 2079 1076 2138 mea,
1102 2060 1256 2148 qualiter
1278 2059 1464 2127 declarata
1486 2061 1552 2136 est,
1577 2059 1623 2126 ad
1646 2077 1762 2128 meam
1786 2057 1924 2126 retineo
1948 2059 2116 2145 potestati

268 2213 313 2282 ad
336 2214 579 2283 frudiandum.
605 2215 651 2282 ad
675 2233 791 2283 meum
816 2232 969 2301 namque
991 2213 1125 2282 obitum
1149 2216 1261 2281 totum
1287 2213 1415 2281 veniad
1440 2215 1479 2280 in
1503 2215 1675 2300 potestate
1698 2213 1742 2280 de
1774 2212 1945 2280 iamdicta
1967 2209 2119 2278 ecclesia

275 2368 390 2436 sancti
414 2369 640 2456 6636116661
664 2369 792 2436 inclita
814 2371 960 2438 tertiam
983 2372 1123 2456 partem
1146 2369 1189 2436 de
1213 2369 1375 2436 omnibus
1400 2369 1506 2434 rebus
1531 2385 1610 2434 mea
1633 2367 1772 2436 mobile.
1810 2368 1854 2435 de
1876 2367 1952 2454 ipse
1977 2365 2116 2454 relique

267 2522 336 2589 due
359 2523 465 2590 sortis
488 2522 532 2588 de
555 2521 640 2609 ipsis
663 2521 852 2590 movilibus
876 2521 984 2588 vadat
1006 2539 1069 2607 pro
1092 2522 1216 2588 anima
1239 2539 1331 2596 mea,
1347 2519 1504 2606 qualiter
1520 2520 1627 2586 tando
1652 2519 1793 2607 quidem
1818 2538 1884 2606 ego
1905 2521 2062 2586 voluero.
2081 2521 2118 2586 61

272 2693 381 2763 usque
404 2675 488 2742 dum
512 2674 613 2742 vibus
636 2671 748 2752 luero,
773 2691 913 2759 semper
935 2671 1014 2740 siad
1038 2675 1103 2740 sub
1126 2673 1336 2758 potestatem
1362 2672 1472 2758 ipsius
1495 2672 1645 2740 66616616
1673 2676 1712 2739 61
1734 2692 1799 2759 per
1822 2691 1900 2741 eam
1930 2671 2007 2740 siad
2030 2671 2119 2742 divi-

268 2846 346 2896 sum
370 2832 416 2896 ab
437 2828 600 2896 omnibus
623 2829 786 2914 partibus
808 2831 845 2894 61
867 2827 961 2894 malo
985 2825 1212 2894 conducione.
1239 2828 1390 2893 Tantum
1415 2827 1452 2892 in
1477 2826 1670 2894 festivitate
1693 2827 1809 2894 sancti
1833 2827 1955 2913 663611
1979 2847 2048 2915 que
2071 2828 2115 2896 de

269 3001 387 3051 mense
410 2983 551 3068 magius
574 2983 716 3050 venturi
740 2984 835 3060 sunt,
849 2969 973 3049 demus
996 3001 1060 3068 pro
1075 2999 1219 3048 censum
1242 2981 1286 3048 de
1309 2981 1387 3068 ipsa
1411 2983 1516 3048 rebus
1539 2980 1576 3048 in
1599 2983 1678 3067 ipsa
1692 2982 1843 3050 ecclesia
1866 2983 1943 3050 oleo
1965 2983 2117 3052 candela
2216 3027 2233 3050 0
2314 2976 2317 2987 “

269 3157 341 3205 666
363 3138 546 3224 capientes
568 3138 613 3204 de
635 3138 713 3204 oleo
736 3135 857 3204 iollari
873 3137 1056 3222 quattuor.
1080 3136 1177 3212 Quod
1200 3136 1231 3202 si
1254 3136 1378 3204 taliter
1400 3135 1532 3212 omnia,
1548 3138 1587 3202 ut
1611 3136 1774 3223 superius
1789 3138 1937 3225 legitur,
1954 3139 2038 3205 illut
2051 3155 2117 3226 636

271 3292 327 3358 161
351 3291 591 3359 meosercdos
615 3290 837 3378 inpartibus
861 3289 1143 3382 ipsiusecclasie
1182 3310 1251 3358 non
1275 3290 1550 3378 adimpleverint
1588 3294 1625 3357 et
1648 3293 1811 3360 retroare
1849 3311 1911 3359 666
1937 3310 2117 3360 removere

270 3443 354 3512 illut
375 3444 584 3531 quesierint,
610 3445 667 3510 vel
691 3444 721 3510 si
745 3442 876 3529 aliquis
899 3441 1117 3510 causationis
1139 3443 1178 3510 in
1201 3445 1367 3528 partibus
1390 3445 1501 3531 ipsius
1524 3445 1673 3514 ecclesio
1696 3445 1826 3514 exinde
1853 3445 2115 3536 preposuerint,

268 3619 333 3686 per
356 3619 421 3668 666
444 3602 509 3667 661
531 3617 596 3686 per
619 3597 835 3684 supmissam
860 3599 1031 3674 nostram,
1049 3596 1128 3664 ideo
1151 3615 1216 3684 per
1239 3598 1524 3666 convenientiam
1540 3598 1660 3685 obligo
1682 3618 1739 3666 me
1754 3617 1820 3684 ego
1836 3603 1958 3686 petrus
1974 3607 2009 3666 et
2024 3616 2119 3667 moos

266 3754 390 3822 eredes
413 3753 458 3820 ad
481 3753 758 3840 componendum
781 3752 819 3818 in
842 3752 1005 3838 partibus
1028 3750 1138 3838 ipsius
1161 3752 1335 3829 ecclesie,
1360 3753 1435 3820 sive
1459 3753 1518 3821 cui
1541 3755 1713 3820 scribtum
1737 3753 1815 3821 vice
1838 3773 1904 3822 sua
1927 3754 1965 3821 in
1989 3770 2118 3821 manus

268 3907 441 3996 paruerit,
455 3909 599 3974 centum
623 3907 705 3973 auri
727 3905 854 3974 solidos
877 3904 1120 3972 666616611666
1142 3906 1179 3971 61
1201 3923 1242 3972 66
1266 3905 1437 3974 scribtum
1461 3904 1602 3972 firmum
1619 3903 1836 3992 permanead
1861 3921 1925 3992 per
1947 3902 2117 3972 iamdicta

268 4062 463 4151 36611661
485 4061 646 4149 predicto
670 4059 878 4128 mediatore.
918 4062 963 4126 Ε1
986 4060 1110 4128 1611161
1131 4059 1289 4128 scribere
1313 4059 1519 4145 rogavimus
1541 4059 1608 4128 tibi
1631 4059 1782 4145 guidoni
1804 4058 2022 4126 subdiacono
2046 4059 2118 4146 pri-

269 4217 408 4287 micerii
423 4223 467 4285 et
490 4217 621 4286 notarii
644 4218 765 4285 scriba
786 4217 904 4284 domni
926 4215 1071 4283 66111611.

312 4375 339 4464 †
364 4376 438 4459 Ego
463 4372 664 4466 romoaldus
687 4371 937 4440 subdiaconus.

312 4529 339 4619 †
365 4531 438 4613 1136
462 4526 646 4594 maraldus
669 4526 823 4593 clericus
845 4527 882 4592 et
905 4525 1076 4592 notarius.

985 4936 1423 5022 MCLXXXVIII

1051 5154 1111 5229 A.
1139 5150 1196 5225 D.
1225 5151 1348 5225 1053

315 5419 568 5487 Seminarium

315 5573 420 5639 Anno
444 5571 508 5637 1111
531 5570 671 5656 11166111,
708 5587 828 5638 mense
851 5567 1051 5644 Novembri,
1084 5567 1149 5634 Vll
1172 5566 1380 5636 indictione.
1407 5568 1714 5636 Memoratom’um
1736 5586 1805 5656 quo
1833 5567 2014 5654 laquintus
2036 5587 2118 5638 con·

277 5721 374 5790 cedit
396 5723 611 5794 monasterio
634 5725 668 5794 S.
694 5721 914 5810 Archangeli
937 5721 981 5792 de
1003 5725 1123 5791 monte
1146 5720 1269 5790 Coraci
1293 5720 1331 5789 in
1354 5719 1521 5798 (1116616,
1557 5723 1688 5789 terram
1711 5691 1818 5790 sitam
1851 5721 1890 5789 in
1924 5723 2000 5790 loco
2023 5702 2116 5790 dicto
