5452 7108
1011 515 1419 592 DIPLOMATICUS

1052 1042 1403 1127 MLXXXIV

350 1948 379 2042 †
405 1953 445 2016 In
469 1947 609 2016 nomine
632 1946 765 2016 domiui
790 1947 954 2014 vicesimo
979 1965 1070 2014 nouo
1093 1965 1187 2014 anuo
1217 1947 1444 2034 principatus
1467 1948 1588 2016 domui
1611 1948 1725 2017 nostri
1747 1949 1945 2018 Guaimarii
1982 1951 2159 2036 gloriosus

304 2103 485 2191 princeps,
511 2106 548 2170 et
570 2122 661 2171 nono
684 2118 779 2171 anuo
802 2103 952 2170 ducatus
974 2101 1050 2169 eius
1073 2103 1195 2168 amalfi
1217 2105 1254 2168 et
1276 2101 1437 2180 sirrenti‚
1465 2105 1510 2170 Et
1524 2106 1626 2170 sexto
1649 2121 1743 2172 anno
1766 2105 1987 2193 principatus
2010 2108 2046 2172 et
2067 2105 2188 2194 ipso·

296 2273 384 2322 rum
408 2254 602 2322 ducatuum
625 2253 745 2322 domni
766 2254 886 2341 gisulfi
909 2253 1033 2321 eximii
1056 2251 1228 2340 principis
1239 2256 1276 2320 et
1290 2253 1390 2321 ducis
1411 2252 1480 2321 fflii
1503 2255 1591 2332 eius,
1609 2273 1730 2323 mense
1753 2255 1875 2335 iulius,
1893 2257 2159 2345 quintadecima

302 2405 510 2476 indictione.
535 2408 824 2476 Memoratorium
847 2411 981 2476 sactum
1004 2427 1026 2474 a
1049 2425 1105 2474 me
1127 2407 1299 2474 iohannes
1322 2407 1539 2476 atriauensis
1561 2407 1655 2476 fliius
1678 2410 1857 2497 quondam
1881 2411 1955 2479 ursi
1987 2411 2030 2478 de
2053 2412 2156 2498 lupos

303 2580 422 2640 num,
457 2581 497 2630 eo
521 2561 613 2648 quod
637 2562 721 2628 aute
743 2561 933 2648 subscripti
956 2563 1063 2628 testes
1085 2558 1292 2627 coniunctus
1314 2577 1390 2627 sum
1414 2559 1461 2627 ad
1483 2561 1742 2630 combeuientia
1765 2581 1845 2630 cum
1867 2565 1923 2632 leo
1947 2565 2155 2634 atrianense

298 2733 499 2802 germanus
523 2733 620 2782 meus
643 2717 788 2802 probter
822 2715 915 2803 quod
952 2717 1036 2783 ante
1073 2731 1111 2782 os
1134 2733 1246 2782 annos
1269 2732 1335 2800 ego
1358 2717 1396 2782 et
1417 2703 1536 2802 ipsum
1570 2716 1624 2782 leo
1647 2734 1841 2802 germanus
1871 2737 1970 2786 meus
2004 2715 2156 2787 divisam

314 2869 476 2938 abuimus
498 2872 604 2938 rebus
627 2870 670 2937 de
693 2871 809 2938 locum
832 2870 947 2937 boteri
969 2871 1006 2936 et
1028 2867 1274 2946 demitiliano,
1298 2870 1335 2936 et
1350 2867 1563 2937 divisionem
1577 2870 1673 2937 inter
1688 2888 1753 2938 rros
1767 2871 1912 2939 minime
1935 2874 2032 2940 facta
2057 2873 2158 2941 abui-

301 3043 390 3092 mus.
416 3025 516 3094 Modo
539 3027 681 3103 autem,
706 3027 747 3092 ut
771 3023 941 3102 diximus,
967 3042 1048 3091 cum
1070 3021 1186 3109 ipsum
1210 3022 1264 3088 leo
1287 3023 1372 3088 suut
1394 3021 1628 3099 coniuntum‚
1654 3022 1757 3090 etde
1780 3023 1859 3110 ipsa
1882 3024 1988 3090 rebus
2016 3023 2158 3093 divisio-

298 3188 382 3248 nem
404 3179 502 3246 inter
525 3199 587 3248 nos
610 3180 805 3256 firmamus,
830 3179 923 3246 sicut
937 3176 1086 3246 inferius
1098 3175 1334 3245 declaramus.
1361 3179 1477 3263 Ipsam
1500 3177 1644 3254 sortem,
1662 3195 1769 3263 quam
1793 3177 1869 3263 ipse
1890 3178 1946 3245 leo
1962 3197 2157 3266 conprensa

296 3329 393 3406 abui,
418 3333 472 3396 est
494 3347 558 3415 per
585 3347 626 3396 as
640 3331 727 3397 fines
750 3331 787 3396 et
802 3347 987 3398 mensuras
1009 3328 1103 3396 iusto
1126 3346 1232 3416 passu
1255 3327 1388 3394 homini
1404 3329 1625 3395 mensurata.
1651 3329 1682 3394 A
1705 3331 1809 3415 parte
1823 3329 1973 3398 orientis
1995 3333 2064 3400 dns
2080 3332 2152 3413 via,

294 3484 390 3554 sicut
413 3483 630 3552 revolbendo
654 3483 725 3551 faci
760 3482 838 3570 ipsa
861 3483 921 3549 ria
943 3500 1055 3570 usque
1088 3481 1127 3550 in
1150 3479 1264 3570 capite
1287 3481 1331 3548 de
1354 3479 1427 3548 alia
1451 3481 1537 3557 via,
1574 3480 1666 3567 quod
1698 3499 1919 3550 communem
1953 3487 2040 3552 abeo
2074 3505 2155 3555 eum

294 3639 412 3724 ipsum
434 3639 491 3704 leo
515 3655 713 3724 germanus
737 3653 976 3722 mensusque
999 3634 1046 3702 ad
1068 3635 1212 3707 flumen,
1238 3632 1299 3721 qui
1323 3633 1456 3702 dicitur
1478 3636 1603 3712 bonea,
1618 3635 1656 3701 et
1677 3637 1762 3702 sunt
1783 3653 1849 3722 per
1871 3636 1951 3722 ipsa
1974 3637 2034 3706 via
2056 3639 2154 3726 passi

294 3793 504 3879 octuaginta
527 3795 613 3870 tres,
638 3791 716 3859 alia
738 3790 882 3878 quidem
903 3793 1007 3876 parte
1029 3790 1099 3856 fine
1122 3788 1200 3875 ipsa
1223 3789 1283 3856 via
1305 3807 1492 3856 commuue
1516 3807 1627 3875 usque
1650 3789 1726 3876 ipso
1750 3791 1892 3857 flumen.
1919 3792 1949 3857 A
1972 3795 2076 3880 parte
2098 3813 2156 3862 oc·

293 3946 451 4015 cidentis
473 3948 543 4013 tine
565 3947 641 4034 ipso
664 3946 783 4014 dubio.
809 3947 839 4012 A
862 3947 966 4032 parte
989 3943 1251 4030 septemtrionis
1274 3897 1343 4010 fine
1366 3944 1490 4010 nostra
1513 3944 1559 4009 ab
1582 3944 1654 4029 ipso
1678 3942 1824 4011 flumine
1858 3963 1969 4033 usque
1992 3945 2069 4034 ipsa
2092 3947 2152 4016 via

293 4101 421 4188 priore
441 4102 523 4170 flue.
556 4103 601 4168 Et
623 4099 767 4169 adiunsi
788 4100 825 4167 in
847 4101 918 4167 ista
941 4103 1039 4167 sorte
1058 4097 1252 4166 medietate
1285 4098 1361 4166 alia
1382 4095 1480 4186 peeia
1502 4080 1583 4166 eum
1606 4099 1811 4168 caunietum
1847 4101 1908 4189 qui
1931 4104 1986 4168 est
2018 4121 2065 4170 err
2088 4103 2154 4171 illa

294 4259 397 4343 parte
421 4256 497 4343 ipso
520 4257 663 4334 fiumen,
681 4258 811 4324 sortem
835 4253 937 4322 illam
961 4273 1029 4341 que
1052 4255 1107 4320 est
1129 4256 1277 4340 aparte
1299 4253 1576 4341 septemtrionis,
1593 4255 1630 4321 et
1652 4257 1707 4322 est
1728 4273 1793 4342 per
1816 4273 1856 4323 as
1878 4255 1978 4324 fines.
2003 4257 2153 4344 Aparte

294 4409 449 4479 orientis
471 4409 540 4476 flue
563 4408 639 4496 ipso
661 4406 792 4476 dubio:
818 4409 848 4474 A
870 4409 974 4494 parte
997 4406 1263 4493 septemtrionis
1284 4407 1382 4484 fine,
1407 4363 1502 4476 sicut
1529 4408 1648 4476 media
1670 4426 1753 4495 sepe
1777 4407 1972 4481 disseruit:
1997 4416 2028 4478 A
2050 4415 2154 4498 parte

268 4593 273 4602 ·
291 4564 487 4632 occidentis
508 4564 590 4641 fine,
607 4563 701 4631 sicut
723 4563 842 4631 limite
864 4562 1046 4630 disseruit:
1071 4565 1101 4629 A
1125 4564 1229 4649 parte
1251 4562 1415 4631 meridiei
1438 4565 1507 4631 flue
1530 4563 1609 4650 ipsa
1632 4564 1708 4632 alia
1730 4567 1838 4644 sorte,
1862 4565 1956 4634 sicut
1978 4566 2153 4634 termina-

293 4721 368 4786 tum
393 4721 476 4795 est3
516 4720 554 4784 et
577 4717 720 4785 adiunsi
742 4719 777 4785 in
801 4717 869 4784 ista
891 4718 987 4784 sorte
1011 4716 1138 4784 inclita
1160 4717 1306 4785 tertiam
1329 4719 1469 4805 partem
1492 4719 1536 4786 de
1560 4738 1632 4789 uua
1654 4720 1729 4789 alia
1752 4719 1853 4808 pecia
1882 4720 1927 4788 de
1949 4721 2046 4788 terra
2068 4740 2149 4792 curn

294 4871 401 4941 biuea
422 4870 545 4962 ivique
569 4870 607 4939 iu
629 4870 706 4958 ipso
729 4872 847 4937 locum
870 4871 985 4938 boteri
1007 4889 1031 4937 a
1052 4887 1160 4958 super
1181 4889 1294 4937 mare.
1326 4875 1439 4951 Quam
1462 4875 1499 4940 et
1522 4871 1663 4941 adiunsi
1685 4873 1724 4940 in
1746 4873 1817 4942 ista
1838 4875 1935 4943 sorte
1957 4875 2002 4942 de
2024 4879 2152 4946 octaba

292 5027 401 5111 parte
424 5043 497 5092 una
519 5027 614 5093 sorte
637 5025 681 5092 de
704 5043 777 5092 una
799 5024 901 5111 pecia
935 5025 978 5092 de
1000 5026 1101 5092 terra
1122 5044 1203 5093 cum
1226 5027 1382 5094 arbustis
1405 5025 1529 5096 vitatis
1556 5026 1736 5095 inlocum
1758 5026 1963 5120 mitiliauo,
2000 5047 2069 5114 que
2093 5033 2151 5100 est

296 5197 360 5264 per
384 5197 425 5246 as
445 5179 534 5246 dues
556 5181 593 5245 et
614 5196 813 5246 mensuras.
849 5173 1155 5265 A'septemtrioue
1177 5181 1246 5247 fine
1269 5184 1415 5260 nostra,
1451 5183 1545 5250 sicut
1567 5181 1686 5251 media
1708 5185 1804 5252 balle
1841 5182 2036 5260 disseruit,
2061 5187 2146 5252 suut

294 5331 379 5399 iude
401 5331 497 5419 passi
522 5331 734 5416 octuaginta
756 5329 961 5419 quadtuor:
985 5350 1009 5399 a
1030 5333 1133 5419 parte
1155 5333 1348 5401 occidentis
1370 5335 1440 5402 flue
1463 5337 1582 5404 media
1604 5336 1724 5411 balle,
1748 5339 1833 5406 sunt
1855 5333 1936 5405 inde
1958 5336 2054 5425 passi
2076 5355 2151 5426 sep-

297 5485 470 5573 tuaginta
492 5485 587 5566 duo,
629 5504 740 5574 usque
762 5485 823 5554 ubi
845 5485 969 5554 fluitur
991 5486 1070 5574 ipsa
1093 5487 1214 5565 balle,
1240 5491 1277 5556 et
1299 5487 1345 5554 da
1368 5485 1450 5556 inde
1472 5489 1698 5578 aliquantum
1721 5491 1925 5560 revolbeute
1946 5490 1985 5558 in
2007 5495 2146 5579 partem

295 5639 452 5710 orientis
474 5639 571 5728 passi
594 5640 797 5729 quadtuor,
834 5642 872 5707 et
894 5639 1022 5710 abinde
1045 5641 1249 5709 revolbeute
1273 5639 1312 5709 in
1334 5643 1474 5728 partem
1497 5611 1659 5711 meridiei
1695 5661 1760 5730 per
1782 5643 1897 5712 medio
1919 5644 2033 5713 limite
2056 5647 2151 5734 passi

296 5795 431 5884 triginti
460 5814 553 5865 sex:
578 5813 601 5863 a
623 5797 726 5884 parte
748 5792 913 5864 meridiei
935 5793 1005 5861 flue
1027 5796 1176 5873 nostra,
1201 5793 1285 5862 iude
1307 5796 1394 5862 sunt
1410 5795 1511 5882 passi
1533 5795 1790 5883 hoctuaginta,
1814 5796 1908 5866 sicut
1929 5797 2012 5867 inde
2035 5800 2151 5869 medio
