5452 7108
997 517 1472 595 'lltPLOllATlCUS
2090 524 2134 598 65

336 722 371 784 61
394 719 530 784 cultare
553 720 589 784 et
611 717 770 785 studiare
794 721 923 786 bonum
947 718 990 785 (16
1013 737 1119 804 super
1142 721 1177 786 61
1200 717 1243 784 (16
1266 721 1411 804 supter,
1436 718 1529 786 sicut
1551 719 1629 786 loca
1653 721 1730 808 ipsa
1754 724 1949 801 meruerit,
1976 727 2015 790 ut
2038 743 2178 812 semper

333 872 369 939 in
396 871 522 939 melius
545 871 706 959 proficiat
729 873 765 937 et
787 889 857 938 non
881 871 1069 958 dispereat,
1094 857 1131 936 et
1154 869 1441 982 bonumparead
1465 871 1631 938 laboratu
1655 874 1691 938 61
1714 875 1876 951 cultatu;
1902 878 1938 940 et
1961 877 2074 944 omnis
2094 878 2178 944 vinu

330 1031 367 1092 et
389 1029 522 1112 fruges,
548 1026 609 1114 qui
633 1027 675 1094 de
699 1025 784 1112 ipsis
809 1028 913 1092 rebus
937 1025 1063 1093 tollere
1087 1029 1123 1092 61
1147 1029 1253 1092 abere
1277 1026 1469 1112 potuerint,
1490 1029 1600 1094 totum
1624 1046 1686 1093 sue
1709 1029 1756 1095 sit
1781 1030 1959 1115 potestati,
1976 1032 2174 1098 laciendum

333 1181 415 1247 indo
439 1180 531 1267 quod
555 1179 721 1257 boluerit;
736 1181 889 1256 tantum,
904 1179 988 1247 dum
1014 1179 1114 1247 bibus
1138 1179 1247 1246 luerit
1270 1179 1344 1266 ipse
1368 1182 1489 1272 petrus
1513 1181 1701 1267 presbiter,
1717 1201 1780 1270 per
1804 1185 1917 1250 omnis
1934 1205 2066 1251 annum
2088 1187 2186 1252 labo

332 1353 416 1402 rare
439 1337 477 1404 in
500 1336 578 1424 ipsa
602 1335 752 1404 ecclesia
775 1355 883 1403 causa
907 1336 1064 1403 baliente
1090 1337 1160 1404 tari
1184 1337 1257 1414 dui,
1284 1357 1351 1423 que
1374 1337 1421 1404 sit
1445 1339 1489 1406 ad
1507 1343 1757 1405 ornamentum
1782 1339 1825 1405 (16
1851 1339 1928 1426 ipsa
1952 1342 2102 1407 ecclesia
2127 1359 2183 1406 re-

330 1490 485 1575 gendum
510 1490 604 1566 illut,
620 1491 714 1558 sicut
736 1493 772 1558 et
795 1491 870 1577 ipso
893 1491 996 1566 aliut,
1022 1493 1059 1556 61
1081 1507 1145 1576 per
1167 1489 1280 1557 omnis
1304 1509 1438 1558 annum
1462 1490 1500 1559 in
1524 1491 1694 1558 nativitas
1718 1491 1850 1559 domini
1874 1493 1948 1578 ipse
1964 1497 2085 1579 patrus
2102 1514 2182 1582 pre-

330 1645 441 1712 sbiter
465 1645 573 1712 deant
597 1645 696 1712 nobis
720 1665 783 1731 pro
807 1663 915 1712 censu
939 1645 982 1711 de
1006 1645 1083 1732 ipsa
1106 1645 1257 1713 ecclesia
1272 1666 1336 1732 per
1353 1647 1593 1734 unasquisque
1617 1665 1700 1713 casa
1716 1646 1836 1733 sigula
1851 1647 1978 1734 gubita
2000 1648 2044 1715 de
2061 1667 2179 1717 cerea.

334 1799 387 1866 Ad
410 1799 468 1867 die
493 1817 576 1866 vero
599 1799 686 1866 obiti
709 1799 820 1885 ipsius
843 1799 936 1886 petri
960 1798 1148 1886 presbiteri
1172 1798 1299 1868 inclita
1321 1799 1435 1866 omnis
1458 1800 1902 1886 supradicta'tradictione
1930 1802 1975 1868 ad
2001 1805 2127 1870 nostra
2150 1805 2188 1870 et

334 1955 377 2020 de
401 1952 532 2021 nostris
555 1954 720 2022 eredibus
743 1973 823 2021 oum
846 1953 922 2040 ipso
946 1953 1038 2021 aliut
1060 1954 1151 2040 quod
1175 1953 1225 2021 ibi
1249 1955 1335 2021 deus
1358 1953 1517 2030 dederit,
1543 1959 1580 2020 61
1603 1973 1683 2022 cum
1703 1955 1795 2022 illut
1817 1956 1911 2042 quod
1935 1957 2062 2024 ibidem
2087 1959 2188 2028 labo-

335 2107 491 2184 raborit‚
516 2107 703 2195 perbeniat
726 2107 770 2174 ad
794 2109 992 2193 potestate,
1018 2105 1219 2173 laciendum
1242 2102 1372 2172 exinde
1396 2109 1481 2194 quot
1505 2102 1748 2181 noluerimus,
1775 2110 1811 2172 et
1834 2109 1957 2174 eredes
1984 2127 2066 2176 suas
2092 2109 2186 2177 licea

332 2261 412 2328 iude
435 2263 606 2328 excutere
629 2279 737 2328 causa
760 2279 825 2328 sua
850 2259 1007 2328 mobilia.
1033 2262 1165 2328 Tamen
1188 2279 1229 2326 oc
1254 2261 1492 2336 recordamus,
1521 2264 1559 2328 ut
1582 2261 1656 2347 ipse
1681 2263 1803 2347 potrus
1827 2261 2003 2346 presbiter
2027 2263 2105 2348 ipsa
2124 2281 2181 2329 ec-

331 2417 444 2484 clesia
467 2437 548 2484 cum
571 2420 645 2486 casi
668 2421 705 2485 et
727 2417 840 2496 cellis,
866 2417 950 2484 dum
975 2417 1076 2484 bibus
1099 2417 1221 2492 suerit,
1244 2415 1327 2482 illas
1351 2417 1511 2502 coperire
1535 2418 1571 2481 et
1594 2415 1709 2501 condi,
1726 2418 1762 2480 et
1786 2418 1874 2482 bone
1890 2415 1982 2486 sicut
1998 2417 2184 2485 meruerit.

331 2576 376 2640 Et
400 2593 464 2660 pro
486 2573 607 2640 omnia
631 2573 876 2659 suprascripta
899 2570 998 2638 nobis
1021 2570 1253 2656 adimplendi,
1279 2570 1413 2656 guadia
1437 2571 1536 2638 nobis
1561 2571 1636 2656 ipse
1661 2573 1783 2656 petrus
1807 2570 1983 2656 presbiter
1998 2571 2079 2637 dedi
2095 2575 2131 2638 et
2148 2574 2187 2639 n-

329 2726 544 2794 deiussorem
569 2725 667 2792 nobis
698 2723 815 2810 posuit
837 2743 874 2790 se
899 2723 1013 2809 ipsum
1037 2724 1236 2809 placentem
1260 2722 1356 2789 inter
1380 2741 1465 2800 nos3
1492 2728 1528 2789 et
1552 2741 1615 2810 per
1639 2725 1752 2810 ipsam
1776 2724 1908 2809 guadio
1942 2723 2118 2809 obligavit
2141 2744 2179 2791 se

330 2883 404 2967 ipse
428 2883 549 2968 petrus
572 2879 758 2968 presbiter,
775 2882 814 2946 ut
835 2880 878 2954 si,
896 2878 989 2946 sicut
1010 2853 1369 2964 superius-scriptum
1394 2881 1459 2952 est,
1477 2880 1576 2948 nobis
1592 2879 1792 2967 nostrisque
1808 2878 1971 2946 eredibus
1988 2899 2056 2946 non
2073 2879 2190 2946 adim·

330 3036 492 3122 plebsrit,
517 3035 618 3102 etde
642 3034 881 3123 suprascripta
904 3035 961 3101 vel
984 3051 1030 3100 ex
1053 3034 1104 3100 eis
1128 3035 1318 3120 quicquam
1344 3038 1526 3102 remobcre
1549 3037 1613 3101 aut
1636 3035 1881 3102 contradicere
1913 3035 2186 3122 presumpserit,

330 3211 394 3278 per
417 3191 676 3259 combenientia
699 3209 763 3276 per
785 3189 864 3276 ipsa
893 3187 1027 3274 guadia
1051 3188 1226 3274 obligavit
1248 3206 1285 3255 se
1309 3188 1384 3274 ipse
1407 3190 1529 3274 petrus
1552 3186 1730 3272 presbiter
1754 3205 1963 3272 componere
1999 3185 2097 3252 nobis
2124 3205 2185 3252 no-

329 3347 483 3435 strisque
498 3346 662 3414 eredibus
678 3344 942 3433 quinquaginta
957 3342 1038 3410 auri
1053 3341 1181 3410 solidos
1196 3341 1513 3440 constantinianos.
1528 3341 1624 3420 Quod
1639 3341 1783 3428 scripsit
1795 3359 1860 3428 ego
1877 3343 1998 3427 petrus
2014 3340 2186 3408 notarius.
2287 3391 2292 3400 .

374 3501 401 3592 †
426 3504 500 3588 Ego
525 3500 686 3568 ademari
711 3517 767 3565 me
790 3496 993 3584 subscripsi.

372 3655 400 3746 †
424 3658 497 3742 Ego
521 3655 692 3722 iohannes
716 3653 877 3720 notarius
901 3671 956 3720 me
979 3649 1186 3738 subscripsi.

1058 3878 1510 3890 m

1127 4101 1388 4182 MXCVII

1108 4413 1171 4488 A.
1199 4413 1259 4491 D.
1289 4347 1430 4492 1047·

372 4689 399 4781 †
423 4691 461 4756 ln
485 4689 629 4757 nomine
653 4687 788 4756 domini
811 4683 994 4754 tricesimo
1010 4702 1103 4752 anno
1120 4681 1343 4770 principatus
1358 4678 1478 4748 domni
1495 4677 1608 4744 nostri
1624 4675 1822 4744 Guaimarii
1838 4676 1985 4762 gloriosi
2001 4677 2188 4763 principis,

327 4845 364 4910 61
386 4843 521 4910 decimo
545 4862 639 4910 anno
663 4842 812 4910 ducatus
838 4841 939 4908 illius
962 4837 1082 4906 amalll
1106 4835 1329 4922 et'sirrenti‚
1353 4837 1389 4901 et
1412 4835 1513 4901 sexto
1536 4851 1630 4899 anno
1654 4830 1878 4918 principatus
1901 4829 2058 4916 ipsorum
2074 4833 2110 4897 et
2127 4831 2192 4899 du-

327 5001 472 5066 catuum
495 4995 614 5064 domni
629 4995 749 5082 gisulfi
771 4993 897 5061 eximii
921 4991 1094 5079 principis
1105 4990 1252 5058 etducis
1275 4988 1352 5056 eius
1374 4987 1453 5062 filii,
1479 5004 1599 5054 mense
1624 4987 1827 5061 nobember,
1845 4985 1962 5072 prima
1978 4984 2186 5054 indictione.

335 5155 409 5238 Ego
433 5151 607 5218 iohannes
630 5149 673 5217 de
699 5151 814 5216 locum
836 5144 1051 5220 trasboneia,
1074 5143 1138 5212 ,ubi
1161 5143 1307 5231 proprie
1330 5146 1475 5210 maianu
1500 5141 1655 5216 dicitur,
1680 5140 1775 5207 filius
1799 5140 1977 5226 quondam
1995 5141 2088 5226 petri
2114 5161 2192 5208 mu·

327 5326 443 5386 scone,
469 5309 555 5375 ante
580 5305 797 5394 presentiam
821 5299 995 5372 ademarii
1018 5301 1139 5369 comiti
1164 5303 1201 5367 et
1224 5299 1347 5374 iudici,
1375 5298 1507 5366 obtulit
1529 5297 1593 5364 deo
1625 5299 1661 5363 et
1684 5293 1720 5362 in
1743 5295 1893 5362 ecclesia
1915 5297 2038 5362 sancte
2061 5297 2189 5382 marie,

328 5479 397 5550 que
422 5461 629 5528 constructa
652 5459 706 5526 est
730 5457 768 5524 in
792 5455 970 5524 inlocum
995 5457 1164 5522 betrantu
1187 5453 1317 5521 tinibus
1340 5452 1584 5520 mitilianense
1604 5451 1642 5518 in
1668 5410 1772 5516 rebus
1786 5448 1991 5545 pertinente
2007 5449 2050 5515 de
2066 5448 2189 5516 eredes

328 5616 508 5704 quondam
532 5613 713 5689 madelmi,
739 5615 776 5680 et
799 5611 875 5689 risi,
901 5615 938 5678 61
962 5609 1106 5686 rodrici,
1133 5628 1197 5696 pro
1221 5609 1393 5677 mercedis
1408 5608 1528 5676 anime
1544 5625 1621 5674 mee
1637 5609 1673 5674 et
1689 5605 1840 5693 predicti
1856 5604 2057 5690 genitorem
2074 5623 2190 5672 meum

328 5771 455 5840 inclita
478 5769 579 5857 petia
603 5787 694 5847 mea,
709 5768 865 5856 qualiter
888 5765 978 5834 mihi
1000 5767 1055 5833 est
1077 5765 1280 5852 pertinente
1304 5764 1348 5832 de
1371 5763 1523 5832 ecclesia
1538 5764 1663 5830 sancte
1691 5761 1810 5828 marie
1833 5761 1877 5828 de
1900 5759 2058 5846 predicto
2074 5759 2190 5825 locum

471 5887 543 5944 Tou.
565 5900 615 5944 vn.
2030 5879 2047 5932 9
