5398 7106
614 485 687 560 tel
1279 485 1451 566 count
1483 487 1750 567 GAVENSlS

564 680 728 772 inomni
753 681 829 749 loco
852 681 1037 751 summisse
1060 683 1148 760 tres,
1173 683 1211 748 et
1233 699 1298 768 per
1321 681 1504 768 longitudo
1527 681 1633 769 pedes
1655 685 1781 754 nobem
1805 683 1841 749 et
1863 681 2060 750 summisse:
2087 683 2126 748 ut
2148 679 2186 748 in
2224 679 2303 766 ipso
2325 681 2425 747 tarra

566 837 744 904 fabricare
768 835 942 922 parietem
967 836 1006 904 in
1030 837 1144 904 altum
1168 839 1346 924 quantum
1370 839 1490 904 suerat
1513 837 1591 924 ipsa
1614 856 1699 906 casa
1723 836 1836 925 ipsius
1859 837 2026 914 maraldi3
2052 835 2143 903 etsi
2166 836 2248 922 plus
2270 835 2425 901 voluerit

566 990 760 1068 fabricare,
786 991 1000 1078 potestatem
1024 993 1174 1060 haberet
1196 991 1235 1058 in
1258 992 1373 1058 altum
1397 977 1572 1078 quantum
1599 989 1789 1062 voluerint.
1826 991 1863 1057 et
1885 989 1923 1058 in
1948 991 2021 1077 ipso
2046 989 2184 1076 pariete
2210 989 2353 1056 nullam
2376 990 2425 1056 lo

564 1151 689 1212 ramen
712 1146 843 1221 lacere,
871 1145 964 1212 unde
990 1165 1062 1213 una
1086 1151 1170 1234 pars
1186 1147 1231 1214 ad
1248 1130 1401 1214 alteram
1426 1145 1587 1233 aspicere
1610 1146 1763 1232 poteret.
1782 1146 1819 1212 ot
1842 1143 1940 1212 omni
1965 1145 2123 1230 tempore
2138 1143 2218 1221 ille,
2236 1145 2273 1210 ot
2288 1143 2347 1210 cui
2361 1161 2425 1229 per

562 1321 621 1370 eos
644 1301 767 1370 datum
791 1301 956 1389 paruerit
978 1306 1016 1369 et
1039 1303 1185 1370 illorum
1208 1301 1358 1369 heredes
1382 1303 1559 1370 haberent
1582 1300 1739 1368 medium
1766 1303 1883 1388 ipsum
1907 1260 2081 1386 parietem
2105 1302 2152 1368 ab
2176 1298 2360 1367 occidente
2375 1299 2427 1366 la-

562 1456 729 1525 ciendum
752 1456 845 1543 quod
869 1457 1061 1524 voluerint.
1091 1459 1128 1524 et
1152 1461 1230 1545 ipsa
1253 1475 1394 1524 marum
1418 1456 1554 1524 eteius
1578 1455 1727 1524 heredes
1750 1457 1926 1524 haberent
1949 1454 2175 1522 medietatem
2199 1457 2246 1522 ab
2268 1454 2429 1534 oriente:⁴

562 1613 603 1678 ut
624 1609 721 1678 omni
745 1611 905 1695 tempore
928 1609 1105 1697 parietem
1128 1610 1245 1697 ipsum
1268 1611 1407 1678 salvum
1430 1610 1533 1676 lieret
1556 1607 1651 1675 iusta
1676 1607 1878 1686 rationem,
1919 1607 2012 1675 siout
2035 1608 2114 1695 ipsa
2136 1609 2239 1676 carta
2262 1605 2421 1673 continet

445 1857 450 1866 .
561 1765 698 1852 scripta
720 1781 785 1850 per
809 1764 1031 1831 romoaldum
1057 1764 1249 1840 notarium,
1276 1765 1314 1831 in
1338 1783 1382 1832 ea
1405 1761 1599 1850 subscripti
1628 1762 1826 1840 adenolfus,
1853 1761 2083 1842 teudericus,
2110 1760 2339 1848 aghenardus
2362 1780 2423 1828 no-

562 1919 686 1988 tarius.
721 1919 880 1996 Quinta:
905 1918 1040 1986 decimo
1064 1938 1158 1987 anno
1182 1919 1405 2006 principatus
1429 1917 1550 1985 domni
1575 1917 1735 1995 Iohanni,
1761 1921 1798 1984 ct
1820 1917 1941 2006 quinto
1966 1933 2056 1984 anno
2079 1917 2200 1986 domni
2223 1915 2418 2002 guaimarii

562 2074 639 2141 eius
654 2073 732 2151 filii,
750 2091 871 2140 mense
894 2073 1028 2150 iunius,
1042 2076 1147 2142 sexta
1170 2073 1378 2142 indictione.
1397 2073 1471 2160 ipse
1496 2079 1619 2161 petrus
1641 2075 1736 2142 filius
1760 2073 1855 2162 petri
1871 2073 2000 2144 iudicis
2023 2077 2059 2140 et
2082 2091 2220 2140 marum
2239 2049 2330 2139 uiror
2345 2071 2421 2138 eius

562 2229 799 2295 clarefecerat
832 2229 908 2314 ipse
931 2229 1067 2314 petrus,
1105 2227 1273 2315 quoniam
1297 2247 1361 2314 per
1383 2228 1523 2296 firmam
1547 2229 1725 2296 cartulam
1758 2227 2036 2296 venumdederat
2069 2226 2144 2314 ipse
2167 2243 2260 2292 anne
2294 2225 2422 2292 relicta

560 2382 650 2470 giezi
673 2382 789 2470 ipsum
813 2382 1010 2468 applictum
1034 2381 1078 2449 de
1104 2384 1203 2450 terra
1227 2402 1308 2451 cum
1332 2401 1428 2460 oasa,
1448 2383 1755 2470 quemammodum
1780 2383 2027 2470 suprascripta
2051 2384 2155 2450 carta
2178 2382 2359 2460 continet;
2384 2383 2421 2446 et

561 2532 637 2622 ipsa
660 2554 757 2602 anna
779 2535 978 2604 donaverat
1001 2537 1093 2604 illud
1116 2537 1361 2624 suprascripto
1386 2537 1547 2605 meraldo
1570 2537 1703 2604 clerico
1726 2539 1764 2603 et
1788 2537 2013 2614 vestarario,
2055 2536 2211 2624 qualiter
2239 2537 2273 2603 ei
2297 2536 2418 2603 datum

561 2691 693 2759 fuerat.
732 2690 869 2776 etipse
893 2693 1016 2777 petrus
1041 2711 1104 2778 per
1127 2691 1410 2778 suprascriptam
1434 2694 1573 2760 cartam
1597 2693 1873 2760 confirmaverat
1890 2691 1987 2760 illud
2010 2691 2079 2776 ipsi
2104 2689 2265 2758 maraldo
2288 2693 2417 2758 clerico

560 2849 597 2912 et
620 2847 830 2912 mensurant
853 2865 916 2932 pro
940 2845 1105 2913 serioidio
1129 2864 1285 2931 suprano
1310 2847 1386 2912 tota
1411 2848 1488 2932 ipsa
1512 2845 1715 2914 venditione
1739 2846 1785 2913 da
1809 2848 1897 2914 facie
1921 2847 1965 2914 de
1991 2844 2127 2931 pariete
2161 2845 2204 2911 de
2240 2843 2308 2930 ipsi
2333 2862 2414 2911 con-

528 3043 533 3048 ·
559 3003 673 3068 sortes
698 3002 788 3076 eius,
815 3018 883 3087 que
907 3001 985 3067 erat
1008 2999 1196 3068 ameridie
1220 3000 1266 3067 da
1289 3000 1364 3087 ipso
1381 2999 1518 3087 pariete
1541 3001 1579 3067 in
1594 3004 1884 3087 septemtrionem
1903 3019 2013 3088 usque
2035 3001 2141 3068 linem
2158 3000 2315 3086 ipsorum
2331 3017 2419 3084 erga

560 3164 689 3222 arcora
711 3153 886 3229 illorum,
924 3169 992 3238 que
1016 3154 1122 3218 erant
1145 3152 1183 3218 in
1207 3151 1347 3220 oriente
1370 3151 1477 3240 pedes
1500 3155 1578 3221 octo
1601 3157 1638 3219 et
1660 3153 1846 3221 summisse
1872 3173 2004 3229 unum,
2030 3157 2067 3220 et
2091 3156 2303 3220 mensurant
2326 3151 2417 3218 illud

560 3312 606 3376 ab
629 3303 813 3406 occidente
836 3306 883 3374 da
899 3304 973 3393 ipso
998 3305 1137 3393 pariete
1161 3305 1205 3373 de
1220 3305 1288 3392 ipsi
1303 3309 1484 3373 consortes
1507 3327 1630 3374 eorum
1655 3307 1693 3374 in
1709 3308 1961 3394 septemtrione
1986 3308 2093 3395 pedes
2109 3309 2237 3375 nobem
2261 3311 2298 3375 et
2315 3305 2417 3374 uncie

560 3466 634 3529 tres
653 3482 662 3538 ι·
688 3463 725 3528 et
748 3480 813 3548 per
837 3460 1023 3547 longitudo
1047 3479 1070 3528 a
1093 3459 1347 3546 septemtrione
1371 3459 1477 3546 pedes
1501 3461 1623 3529 decem
1647 3465 1684 3529 et
1706 3467 1812 3531 octo:
1849 3467 2025 3532 securiter
2047 3459 2135 3530 illud
2170 3465 2320 3532 haberet
2342 3464 2415 3550 ipse

561 3617 746 3685 maraldus
769 3621 805 3683 et
828 3617 885 3683 oui
912 3635 976 3704 per
999 3635 1080 3682 eurn
1103 3614 1227 3681 datum
1251 3614 1416 3701 paruerit
1439 3618 1476 3682 et
1499 3615 1654 3684 illorum
1672 3619 1834 3696 heredes,
1861 3639 1943 3686 curn
1967 3619 2043 3686 vioe
2066 3619 2110 3686 de
2134 3617 2209 3705 ipso
2233 3618 2354 3686 andito
2370 3618 2415 3685 ad

564 3771 765 3841 laciendum
790 3769 882 3857 quod
907 3768 1073 3836 voluerit.
1099 3770 1202 3838 etde
1227 3769 1316 3838 illud
1341 3771 1434 3857 quod
1452 3777 1619 3858 posuerat
1643 3774 1947 3861 asepterntrionis
1972 3775 2039 3842 line
2058 3775 2203 3842 illorum
2218 3773 2414 3840 donaverat

561 3927 629 4014 ipsi
653 3925 815 3995 maraldo
839 3943 904 4011 per
926 3926 1014 3992 fines
1037 3927 1073 3990 et
1098 3942 1312 3991 mensuras:
1348 3925 1401 3991 Ab
1424 3925 1563 3991 oriente
1586 3926 1655 3992 fine
1680 3925 1771 3994 facie
1795 3926 1838 3994 de
1861 3927 1940 4014 ipsa
1963 3947 2092 3996 arcora
2114 3928 2258 3995 illorum
2283 3926 2415 4002 fabrita

559 4080 684 4168 pedem
709 4099 831 4147 unum:
857 4082 886 4146 A
912 4078 1061 4146 meridie
1085 4080 1154 4146 fine
1179 4079 1291 4166 ipsius
1316 4079 1471 4147 maraldi
1496 4080 1602 4166 pedes
1626 4082 1747 4150 decom
1772 4084 1809 4148 et
1831 4093 1937 4150 octo:
1964 4085 2018 4152 Ab
2041 4082 2223 4150 occidente
2245 4085 2314 4150 line
2337 4084 2416 4151 illo

561 4251 654 4309 rum,
681 4249 750 4318 que
773 4231 923 4298 inferius
947 4231 1213 4309 adunaverat,
1239 4233 1364 4318 pedem
1390 4253 1513 4301 unum:
1539 4236 1569 4300 A
1593 4235 1848 4321 septemtrione
1870 4235 1940 4302 fine
1964 4235 2087 4335 andito
2109 4240 2146 4304 et
2168 4237 2273 4324 pedes
2296 4238 2415 4305 decem

560 4389 597 4462 et
619 4385 711 4452 octo.
737 4383 996 4452 etvdonaverat
1018 4385 1087 4473 ipsi
1111 4385 1273 4454 maraldo
1297 4387 1340 4454 de
1364 4387 1443 4474 ipsa
1466 4392 1568 4455 terra
1591 4388 1764 4464 illorum,
1790 4392 1836 4457 ab
1859 4389 2041 4460 occidente
2065 4401 2126 4478 pe'r
2150 4391 2238 4460 flues
2261 4397 2298 4460 et
2321 4411 2415 4460 men·

559 4556 675 4606 suras:
702 4539 732 4604 A
757 4537 906 4606 meridie
928 4539 998 4606 flue
1022 4541 1113 4608 facie
1136 4540 1180 4607 dc
1195 4505 1333 4627 pariete
1358 4541 1433 4626 ipso
1456 4541 1500 4607 de
1516 4540 1584 4627 ipsi
1608 4545 1787 4611 consortes
1811 4542 1955 4610 illorum
1973 4544 2079 4629 pedes
2104 4563 2180 4613 sex:
2207 4547 2261 4614 Ab
2275 4547 2412 4614 oriente

558 4692 639 4761 linis
662 4691 773 4780 ipsius
797 4693 963 4771 mauraldi,
982 4693 1074 4780 quod
1098 4693 1132 4761 ei
1156 4695 1440 4770 confirmaverat,
1455 4694 1559 4781 pedes
1582 4695 1703 4762 decem
1728 4699 1764 4762 et
1789 4697 1889 4763 uncie
1906 4701 1999 4768 tres:
2018 4700 2049 4765 A
2071 4701 2327 4785 septemtrione
2342 4703 2411 4770 llne

559 4849 635 4937 ipso
659 4848 782 4916 andito
807 4849 914 4936 pedes
936 4865 1014 4916 sex:
1041 4849 1096 4917 Ab
1118 4849 1299 4917 occidente
1322 4851 1392 4918 line
1416 4869 1539 4918 eorum
1563 4855 1600 4918 et
1624 4853 1667 4919 de
1691 4806 1912 4920 consortibus
1936 4853 2081 4921 illorum
2096 4875 2286 4924 commune
2309 4859 2412 4946 pedes

559 5005 680 5072 docem
704 5005 740 5070 et
765 5002 867 5070 uncie
891 5006 977 5080 tres,
1003 5022 1084 5070 cum
1108 5003 1229 5071 omnia
1252 5003 1347 5072 intro
1371 5022 1409 5072 se
1426 5005 1673 5085 habentibus,
1699 5011 1736 5074 et
1758 5007 1833 5074 suis
1858 5009 2147 5094 pertiuentiis‘et
2169 5031 2249 5079 cum
2273 5013 2350 5080 vice
2371 5013 2413 5082 de

559 5157 635 5244 ipso
659 5153 784 5223 andito
807 5155 852 5222 do
874 5158 1049 5242 quantum
1074 5155 1255 5224 retinebat
1277 5155 1357 5243 ipsa
1379 5156 1554 5236 donatio,
1581 5163 1618 5240 et
1642 5178 1752 5246 usque
1776 5163 1896 5248 platea
1916 5187 1923 5240 ;
1954 5167 1992 5230 ut
2014 5163 2112 5232 iusta
2136 5133 2310 5232 rationem
2334 5186 2412 5234 cum

558 5309 722 5379 omnibus
747 5309 892 5377 illorum
916 5309 1154 5396 congruitatis
1178 5311 1261 5378 inde
1276 5311 1469 5398 ingredere
1492 5314 1527 5379 et
1551 5315 1745 5400 regredere
1769 5317 1944 5402 poterent,
1970 5319 2008 5384 et
2031 5337 2112 5385 curn
2129 5319 2295 5388 serioidio
2310 5325 2414 5388 extra

560 5465 640 5550 ipsa
662 5462 844 5530 mensoria
868 5482 891 5530 a
914 5465 1169 5550 septentrione,
1190 5469 1228 5532 ut
1251 5465 1430 5550 ceciderat
1453 5465 1492 5535 in
1514 5466 1631 5555 ipsum
1655 5469 1831 5548 andituun
1850 5473 1924 5538 cta
1950 5472 2098 5540 meridie
2121 5475 2333 5559 potestatem
2350 5475 2413 5542 ba·

558 5617 686 5687 berent
708 5616 746 5683 in
770 5619 847 5704 ipsa
872 5619 1054 5686 mensoria
1076 5637 1166 5705 erga
1189 5619 1327 5706 pariete
1343 5621 1386 5688 de
1410 5621 1478 5708 ipsi
1501 5625 1681 5689 consortes
1704 5621 1851 5691 illorum
1875 5620 2035 5694 canalem
2052 5643 2184 5713 ponere
2207 5629 2245 5694 et
2267 5629 2411 5703 habere,

560 5773 606 5838 ut
623 5789 719 5859 aqua
743 5789 811 5857 que
835 5770 1046 5839 discursorit
1069 5771 1248 5840 ceciderat
1271 5772 1308 5842 in
1332 5773 1407 5862 ipso
1431 5775 1571 5854 canals
1597 5776 1735 5864 etipsa
1759 5796 1854 5866 aqua
1876 5777 1920 5847 de
1944 5779 2019 5868 ipso
2042 5780 2170 5849 canale
2194 5781 2414 5850 discurreret
