5372 7106
610 482 641 558 A
1281 473 1696 566 contentiori

542 649 545 658 ³
566 729 728 744 .....
754 679 791 745 et
815 695 881 744 nec
906 673 1073 743 immissis
1097 677 1147 761 (l)
1172 676 1306 744 talibus
1328 675 1366 742 in
1392 678 1531 764 Egypto
1554 695 1788 763 perseverans
1821 675 1984 744 omnibus
2014 675 2129 762 effigit
2160 675 2329 770 egyptios
2355 675 2415 744 do-

559 831 741 898 minantes
767 830 827 918 (2).
854 837 926 898 Ηοο
950 829 1033 898 aliis
1058 829 1230 898 traditum
1262 849 1331 898 non
1355 833 1431 902 est:
1455 849 1520 902 nec
1556 830 1619 898 alii
1643 849 1725 898 eum
1748 830 1787 906 in
1810 847 1875 904 sua
1891 829 2062 916 potestate
2090 849 2159 896 non
2190 829 2411 896 hahuerunt.

558 987 796 1072 pertuamque
819 983 1016 1052 custodiam
1040 986 1198 1052 habeant
1218 983 1304 1070 juro
1324 986 1445 1051 autem
1469 982 1534 1050 tibi
1559 983 1608 1066 (3)
1632 1001 1697 1069 per
1730 999 1907 1048 summum
1942 982 2127 1067 parentem
2163 979 2292 1048 deum:
2318 981 2410 1068 quod

563 1135 748 1203 meliorem
773 1136 903 1202 librum
930 1136 1090 1221 Egyptus
1114 1133 1221 1220 hujus
1245 1152 1314 1200 non
1338 1135 1458 1202 habet.
1486 1133 1589 1220 qu'us
1608 1133 1802 1220 jurationis
1824 1131 1925 1200 testis
1949 1133 2004 1200 cst
2028 1150 2188 1200 summus
2210 1132 2315 1200 deus.
2332 1098 2414 1198 Mit-

559 1288 632 1353 tarn
657 1287 753 1353 enirn
780 1285 843 1352 tibi
868 1288 997 1352 bonum
1021 1289 1107 1352 solis
1131 1305 1258 1354 nornen
1281 1304 1346 1372 per
1372 1302 1477 1373 quem
1501 1289 1613 1354 bonus
1636 1303 1749 1372 genus
1774 1285 1969 1352 nascuntur
1994 1283 2055 1370 (4).
2095 1285 2210 1370 Igitur
2237 1287 2408 1372 perpetua

559 1457 602 1504 ea
624 1437 782 1506 traditur
804 1437 1026 1505 custodiatur
1050 1441 1100 1523 (5)
1119 1458 1141 1505 a
1164 1441 1273 1506 vobis.
1295 1443 1463 1531 praestat
1485 1439 1580 1508 enim
1599 1441 1750 1507 multum
1775 1439 1812 1505 in
1835 1416 1995 1506 omuibus
2018 1437 2222 1505 actionibus
2245 1456 2309 1524 per
2331 1437 2411 1504 sin-

562 1594 651 1676 gula
673 1593 836 1678 geratica
860 1593 910 1677 (6)
935 1611 1022 1679 quas
1046 1595 1145 1678 greci
1171 1595 1299 1660 vocant
1321 1593 1479 1659 omnium
1506 1590 1677 1678 lapidum.

605 1749 705 1813 Evax
731 1745 862 1814 Arabia
887 1764 965 1812 rex.
992 1745 1131 1814 Tiberio
1155 1749 1204 1830 (7)
1231 1749 1439 1831 Imperatori
1464 1749 1629 1814 salutem.
1648 1745 1836 1830 Magnifica
1859 1745 1951 1812 dona
1976 1747 2039 1811 tua
2061 1744 2185 1830 accepi
2208 1764 2273 1830 per
2288 1747 2411 1813 centu·

560 1900 696 1967 rioncm
721 1899 892 1967 lucinium
918 1901 1091 1966 frotcnem
1116 1902 1166 1984 (8)
1191 1918 1295 1988 quern
1319 1901 1489 1986 dignatus
1513 1919 1549 1966 es
1574 1899 1716 1967 mittere
1741 1900 1786 1966 ad
1811 1918 1877 1966 me.
1896 1901 1984 1967 Nam
2008 1901 2045 1966 et
2073 1918 2140 1985 ego
2167 1899 2232 1966 tibi
2256 1897 2409 1967 invicem

558 2053 644 2120 misi
669 2052 913 2140 quodcumque
937 2071 1001 2139 per
1025 2058 1157 2120 terram
1183 2053 1225 2120 dc
1248 2054 1410 2120 omnibus
1435 2054 1673 2122 remediorum
1699 2055 1762 2138 (9).

467 2207 470 2214 ’
602 2207 765 2292 Explicit
788 2207 987 2293 epistolam.
1017 2207 1145 2292 incipit
1168 2207 1211 2274 de
1236 2207 1413 2292 lapidibus
1438 2211 1619 2274 eteorum
1643 2207 1847 2292 generibus.
1874 2210 1957 2290 (10).

602 2357 751 2443 Lapides
775 2375 820 2425 cx
844 2361 979 2445 septem
1002 2359 1109 2444 signa
1132 2359 1352 2444 pertinentes
1386 2358 1532 2425 subditi.
1566 2358 1682 2424 Etiam
1708 2378 1754 2424 ex
1778 2363 1913 2444 septem
1945 2359 2084 2445 lapides
2119 2361 2182 2427 dat
2205 2379 2328 2428 curam
2353 2363 2413 2428 ho-

559 2511 672 2578 mines
696 2513 918 2598 philacteriis
942 2515 1074 2580 habere
1098 2513 1279 2578 deberent.
1301 2515 1372 2595 (11)
1398 2513 1487 2579 Sunt
1509 2514 1604 2579 enim
1629 2513 1708 2579 sani
1732 2516 1768 2578 et
1791 2515 1963 2598 potentes,
1992 2515 2096 2600 Lapis
2113 2516 2249 2599 primus
2273 2519 2333 2603 qui
2357 2514 2409 2582 di-

557 2663 651 2730 citur
676 2664 896 2732 Chrisolitus.
924 2667 1048 2732 leonis.
1075 2667 1179 2750 Lapis
1204 2666 1378 2732 secundus
1404 2665 1465 2751 qui
1488 2665 1621 2732 dicitur
1645 2667 1866 2734 afroselinus.
1897 2668 1969 2751 (12)
1986 2667 2134 2734 cancris.
2160 2667 2265 2754 Lapis
2284 2668 2409 2735 tertius

555 2921 893 2934 Μ

596 3039 643 3118 (1)
667 3039 693 3098 11
715 3039 871 3118 principio
893 3039 924 3099 di
947 3041 1047 3118 quest’
1063 3041 1217 3118 Epistola,
1240 3045 1408 3100 mancante
1430 3040 1482 3100 nel
1505 3040 1580 3102 Cod.
1604 3041 1693 3111 Can,
1716 3043 1746 3100 la
1768 3041 1986 3102 trascriviamo
2003 3041 2230 3102 dall'Edizioue
2244 3041 2276 3102 di
2297 3049 2410 3122 questo

557 3183 699 3244 Trattato
722 3185 800 3243 latta
821 3184 873 3243 dal
895 3185 952 3244 Ch.
976 3186 1115 3262 Eugenio
1138 3183 1487 3246 Abel-Berclini1881.
1511 3222 1550 3230 -
1575 3210 1586 3242 ι
1610 3186 1723 3265 Incipit
1747 3185 1829 3245 liber
1848 3187 2067 3263 Damigeronis
2092 3188 2276 3268 peritissimi
2298 3187 2336 3249 dc
2351 3189 2411 3249 La·

561 3351 572 3383 r
596 3325 734 3406 pidibus
758 3326 838 3386 item
860 3327 1002 3406 epistola.
1031 3353 1042 3383 α
1064 3328 1264 3388 Desideranti
1284 3328 1345 3387 tibi
1368 3327 1466 3388 scribi
1488 3329 1639 3406 mysteria
1661 3328 1805 3388 omniurn
1828 3329 1982 3409 lapidum,
2001 3337 2117 3410 quanta
2138 3334 2247 3409 generi
2269 3334 2407 3395 humano

561 3493 572 3526 ι
598 3489 655 3530 sua
678 3469 834 3550 sapientia
854 3471 1004 3550 prodesse
1027 3471 1218 3540 videantur,
1243 3472 1435 3550 denegatum
1457 3473 1516 3534 tihi
1539 3475 1693 3536 nonfuit.
1717 3473 1765 3534 Tu
1787 3475 1896 3554 itaque
1919 3476 2078 3538 custodies
2099 3496 2223 3539 summa
2245 3479 2406 3556 diligentia

560 3615 784 3693 :mysterium
806 3614 922 3675 summi
943 3613 1090 3674 altissimi
1111 3615 1179 3675 Dei.
1204 3616 1270 3674 Hoc
1291 3615 1377 3676 enirn
1400 3618 1588 3695 mysterium
1610 3621 1725 3680 ceteris
1747 3621 1911 3699 Aegyptiis
1947 3620 2123 3688 litteratis,
2160 3641 2219 3682 nec
2241 3622 2406 3702 allophylis

560 3785 571 3818 ι
596 3779 657 3821 non
678 3759 860 3829 tradideris,
883 3758 979 3819 aliive
1002 3759 1140 3830 cuidam,
1163 3778 1201 3818 ne
1223 3759 1263 3819 ad
1285 3759 1487 3822 sterilitatem
1517 3762 1612 3842 hujus
1633 3764 1786 3824 scientiae
1807 3765 1956 3827 deveniat
1977 3766 2154 3847 AEgyptm,
2178 3771 2210 3826 ct
2231 3785 2270 3826 ne
2293 3773 2405 3834 eadem

559 3929 570 3961 ι
594 3924 651 3985 per
672 3904 811 3984 aliquem
833 3903 978 3965 incendio
1000 3910 1201 3965 concremata
1223 3905 1467 3982 contingeretur,
1490 3911 1521 3966 et
1542 3927 1601 3968 nec
1622 3909 1823 3973 immissis...

596 4050 636 4127 (2)
659 4050 741 4111 Abel
762 4081 802 4092 -
827 4073 838 4104 ι
862 4067 1048 4128 perseveres
1070 4048 1220 4112 omnibus
1242 4051 1356 4112 efficiat
1380 4050 1537 4131 AEgyptiis
1559 4051 1757 4116 dominantes
1781 4079 1808 4117 ι.

594 4195 642 4274 (3)
665 4196 702 4255 Α.
730 4183 742 4251 ι’
766 4194 839 4254 Iuro
860 4193 921 4254 tibi
944 4217 971 4254 i.

594 4337 642 4416 (d)
664 4339 703 4400 A.
731 4363 743 4395 ι
766 4355 824 4417 per
845 4337 930 4417 quod
952 4339 1070 4399 bonurn
1091 4357 1192 4417 genus
1214 4344 1365 4400 nascatur
1388 4363 1415 4398 ι.

594 4481 638 4562 (5)
662 4484 700 4543 Α.
728 4507 740 4539 ι
764 4481 867 4561 Igitur
887 4483 1119 4564 perpetualiter
1141 4483 1339 4544 custodiatur
1360 4504 1380 4544 a
1402 4484 1505 4556 vobis;
1531 4509 1542 4540 ι

593 4627 638 4708 (6)
660 4629 699 4691 Α.
727 4653 739 4686 ι
763 4647 820 4709 per
842 4629 985 4708 singulas
1006 4630 1192 4692 ierarchias.
1219 4653 1230 4684 ι

594 4771 638 4854 (7)
660 4773 758 4836 Pitra.
786 4799 798 4831 ι
822 4774 991 4836 Claudiurn
1012 4794 1069 4854 pro
1086 4775 1213 4836 Tiberio
1228 4775 1369 4837 scribere
1392 4777 1514 4838 mauult
1535 4777 1677 4857 Lessing.
1702 4779 1743 4840 At
1759 4780 1876 4846 Neroni
1888 4780 2060 4843 Marbodus
2075 4781 2194 4844 ibidem
2208 4782 2297 4863 legit.
2314 4782 2404 4858 Quod

560 4940 572 4972 «
599 4915 638 4977 ad
660 4917 772 4980 Evaeis
793 4919 910 4979 nomen
932 4919 1057 4990 attinet,
1070 4938 1132 4980 non
1154 4938 1257 4999 usque
1279 4919 1358 4982 adeo
1374 4921 1582 5001 peregrinum
1593 4922 1750 4984 Labechio
1772 4923 1876 4986 visum
1898 4931 1947 4986 est
1961 4926 2039 5006 quin
2059 4931 2146 4988 recte
2166 4927 2245 4990 illud
2259 4945 2278 4990 a
2291 4947 2404 5009 graeco

552 5063 652 5135 ευαζω
674 5063 850 5126 deduxerit.
876 5086 888 5119 i
913 5062 1022 5145 Spicil.
1046 5064 1165 5146 Solym.
1189 5064 1226 5127 T.
1249 5065 1305 5126 III.
1328 5065 1397 5126 324.

595 5206 639 5289 (8)
662 5209 701 5270 A.
728 5233 740 5265 ι
764 5207 929 5269 Lacinium
950 5207 1152 5272 Frontonem.
1178 5231 1189 5262 ν

596 5349 645 5432 (9)
667 5351 706 5412 A.
733 5375 745 5408 ι
770 5349 810 5410 de
831 5350 979 5412 omuibus
1000 5351 1159 5431 lapidibus
1180 5350 1396 5412 remediorum
1419 5375 1446 5414 ι.

589 5495 652 5576 (10)
676 5496 714 5557 A.
742 5520 754 5552 ι
778 5495 913 5577 Lapides
935 5497 975 5558 ad
996 5501 1118 5577 septem
1142 5521 1169 5559 ι.

593 5639 658 5721 (11)
681 5642 720 5703 A.
748 5667 760 5698 ι
784 5660 863 5721 quos
885 5641 925 5703 ad
947 5661 1056 5705 curam
1079 5643 1224 5706 homines
1245 5642 1277 5704 in
1299 5642 1494 5723 phylacteris
1516 5643 1636 5706 hahere
1659 5644 1866 5708 deberent».

593 5783 658 5864 (ta)
680 5786 719 5848 A.
747 5811 759 5844 ι
783 5787 990 5851 astroselinus
1011 5788 1116 5852 cancri
1141 5813 1166 5848 ι.
