5398 7106
1009 523 1459 598 ulrtotlnltous
2016 523 2081 596 tol

290 721 414 789 datum
438 722 484 786 ab
506 716 582 806 ipso
606 723 685 791 viro
709 743 772 791 suo
795 721 868 789 alio
891 721 948 788 dio
971 721 1187 808 copulationi
1212 739 1348 798 eorum;
1373 724 1411 788 et
1433 721 1507 788 tres
1530 724 1651 807 partes
1674 719 1844 786 dixerunt
1866 718 2047 806 pertinere
2063 717 2131 804 ipsi

288 876 461 954 dauferio,
486 881 522 943 et
544 876 714 944 volebant
738 878 850 943 totum
874 877 911 942 et
934 875 1114 960 integrum
1138 875 1234 952 illut,
1260 878 1346 962 quot
1370 875 1651 962 suprascriptum
1675 875 1754 950 est,
1780 891 1817 940 se
1840 874 1975 940 habere
1998 870 2130 979 clarifi-

282 1032 457 1097 caberunt
479 1049 543 1115 per
566 1030 849 1098 convenientiam
873 1029 1027 1096 vendere
1050 1029 1118 1117 ipsi
1142 1029 1303 1098 cristallo
1338 1049 1402 1116 pro
1426 1031 1529 1116 parte
1564 1025 1724 1094 iamdicti
1759 1026 1932 1112 paldulfi,
1976 1025 2037 1113 qui
2071 1027 2125 1092 est

275 1202 472 1270 germanus
494 1185 690 1271 supradicti
716 1185 835 1254 domni
859 1186 971 1255 nostri
994 1183 1189 1272 guaimarii
1212 1184 1389 1272 principis
1412 1186 1449 1250 et
1472 1183 1572 1251 ducis
1596 1185 1632 1249 et
1654 1181 1720 1249 fllii
1736 1180 1936 1248 clarissime
1961 1178 2127 1248 recorda-

278 1341 388 1407 tionis
410 1341 527 1408 domni
553 1341 748 1427 guaimarii
771 1340 954 1428 principis.
992 1343 1036 1407 Et
1058 1343 1289 1408 observantes
1314 1358 1357 1406 ea
1381 1358 1449 1426 que
1473 1337 1511 1405 in
1536 1337 1837 1423 longobardorum
1862 1355 1986 1420 regum
2011 1333 2126 1400 edicto

281 1495 416 1580 scripta
439 1496 520 1560 sunt
542 1493 585 1560 de
610 1494 804 1568 mulieres,
846 1512 913 1579 que
938 1511 995 1559 res
1018 1511 1100 1559 suas
1124 1491 1364 1560 communiter
1388 1509 1468 1558 cum
1492 1491 1569 1557 viro
1593 1509 1655 1557 suo
1680 1488 1897 1556 venumdare
1932 1486 2121 1562 voluerint,

286 1647 445 1712 fecerunt
467 1642 627 1712 notitiam
652 1645 696 1712 ad
721 1645 806 1713 duos
830 1649 1020 1732 parentes,
1047 1645 1109 1731 qui
1132 1644 1200 1730 ipsi
1225 1663 1366 1730 gemme
1391 1646 1661 1732 propinquiores
1685 1647 1794 1721 sunt,
1820 1647 1856 1710 et
1881 1643 1918 1710 in
1941 1645 2126 1730 presentia

280 1796 435 1883 ipsorum
460 1801 649 1885 parentum
673 1803 709 1866 et
733 1817 824 1875 mea,
850 1798 928 1884 ipsa
951 1817 1093 1884 gemma
1117 1797 1325 1864 violentiam
1349 1816 1387 1864 se
1410 1797 1486 1884 pati
1509 1817 1581 1864 non
1605 1797 1829 1874 reclamabit,
1849 1797 1917 1864 nisi
1943 1791 2127 1863 voluntate

280 1971 346 2020 sua
368 1951 631 2039 suprascriptas
657 1971 713 2018 res
738 1951 936 2018 comuniter
970 1950 1150 2037 cumipse
1176 1951 1253 2018 viro
1279 1969 1343 2017 suo
1367 1969 1404 2017 se
1428 1950 1525 2018 dixit
1559 1951 1803 2026 venumdare,
1846 1953 1886 2017 ut
1908 1953 1954 2018 ab
1984 1951 2132 2018 hoodie

280 2107 376 2172 omni
401 2109 558 2192 tempora
582 2108 647 2174 boc
671 2109 756 2193 quot
779 2106 979 2174 vendiderit
1001 2105 1128 2173 stabile
1152 2105 1281 2170 debeat
1305 2121 1543 2191 permanere,
1580 2108 1617 2171 et
1641 2121 1706 2189 ego
1731 2104 1768 2170 in
1793 2106 1860 2172 hac
1884 2105 2028 2171 cartula
2053 2123 2128 2171 ma-

282 2278 366 2326 num
391 2279 532 2345 ponam,
551 2279 657 2346 quam
682 2260 853 2327 raidolfus
877 2261 994 2327 scriva
1018 2279 1097 2328 cum
1122 2258 1253 2326 notitia
1276 2259 1435 2342 ipsorum
1460 2258 1648 2341 parentum
1673 2259 1709 2322 et
1733 2276 1813 2324 mea
1837 2258 1971 2334 scribit,
1991 2261 2027 2324 et
2049 2259 2127 2325 ideo

280 2413 347 2498 ipsi
371 2411 532 2480 dauferio
555 2417 591 2479 et
613 2433 778 2499 gemma,
820 2413 913 2480 sicut
935 2414 986 2481 eis
1010 2433 1209 2499 congruum
1234 2412 1314 2488 fuit,
1341 2430 1406 2478 sua
1430 2413 1614 2478 voluntate
1638 2431 1701 2496 per
1734 2413 1827 2480 hanc
1851 2413 2031 2480 cartulam
2066 2434 2129 2501 per

280 2566 562 2634 convenientiam
586 2567 785 2634 comuniter
807 2566 1113 2634 venumdederunt
1135 2567 1201 2652 ipsi
1227 2564 1387 2672 eristallo
1422 2585 1485 2652 pro
1518 2568 1621 2651 parte
1657 2563 1816 2632 iamdicti
1853 2567 1999 2652 paldulfl
2034 2567 2125 2634 inte-

279 2736 383 2803 gram
407 2717 518 2804 ipsam
542 2719 688 2785 tertiam
713 2721 851 2805 partem
876 2718 919 2784 de
942 2717 1113 2784 iamdicta
1136 2717 1291 2784 ecclesia
1313 2716 1430 2784 sancti
1454 2716 1604 2784 eustasii
1627 2720 1664 2783 et
1688 2717 1730 2784 de
1755 2721 1832 2803 ipsa
1863 2719 2021 2786 cisterna
2044 2737 2127 2786 cum

279 2872 442 2940 omnibus
466 2891 534 2959 que
557 2872 656 2939 intra
679 2891 740 2940 eas
763 2875 846 2939 sunt
869 2871 1077 2960 cunctisque
1102 2891 1226 2939 earum
1251 2873 1481 2959 pertinentiis
1505 2875 1541 2939 et
1564 2893 1644 2940 curn
1669 2873 1746 2940 vioe
1771 2873 1814 2939 de
1839 2874 1897 2942 via
1920 2893 1996 2952 sua,
2015 2877 2052 2941 et
2075 2875 2129 2942 in-

280 3030 403 3114 tegras
426 3027 520 3113 ipsas
545 3045 646 3096 casas
669 3027 712 3094 de
736 3027 903 3094 iamdicto
928 3029 1076 3095 castello
1100 3046 1164 3113 por
1188 3027 1378 3094 iamdictas
1403 2997 1494 3094 flues·
1513 3031 1550 3094 et
1566 3046 1751 3094 mensuras
1776 3047 1856 3094 cum
1880 3028 2125 3116 omnibusque

280 3181 376 3249 intra
393 3191 460 3248 'eas
482 3185 591 3258 sunt,
623 3181 827 3267 cunctisque
852 3201 975 3248 earum
1001 3173 1254 3268 pertinentiis,
1297 3180 1454 3267 qualiter
1477 3183 1679 3248 constructe
1703 3184 1787 3247 sunt
1818 3184 1958 3248 etcum
1983 3181 2060 3248 vioe
2084 3183 2127 3249 de

279 3336 358 3421 ipsa
381 3337 502 3422 platea
525 3337 561 3402 et
584 3335 654 3413 via,
672 3340 709 3402 et
733 3339 895 3421 integras
918 3335 1015 3421 ipsas
1039 3337 1209 3422 quattuor
1234 3335 1352 3422 pecias
1376 3353 1441 3421 per
1465 3335 1653 3402 iamdictas
1677 3336 1763 3402 flnes
1787 3339 1823 3402 et
1847 3355 2031 3404 mensuras
2047 3357 2126 3405 cum

281 3490 469 3564 omnibus,
495 3508 564 3578 que
586 3489 685 3562 intra
708 3507 768 3556 eas
791 3492 901 3566 sunt,
927 3488 1086 3575 exceptis
1110 3487 1364 3574 suprascriptis
1388 3489 1557 3555 ambobus
1579 3487 1690 3573 peciis
1716 3507 1811 3574 que,
1839 3492 1878 3555 ut
1901 3489 2035 3556 dictum
2060 3493 2124 3566 est,

283 3643 352 3730 ipsi
375 3643 532 3730 paldolfo
556 3643 736 3730 pertinent
759 3647 898 3708 etcum
922 3640 1088 3708 omnibus
1113 3641 1199 3726 ipsis
1224 3643 1394 3726 quattuor
1418 3635 1527 3726 peciis
1551 3640 1839 3726 pertinentibuS,
1881 3645 1917 3708 et
1942 3662 2022 3709 cum
2046 3642 2122 3711 vice

281 3799 324 3866 de
347 3798 415 3865 viis
438 3799 524 3874 suis3
551 3814 595 3863 ea
619 3795 757 3863 ratione
782 3799 822 3862 ut
845 3797 958 3862 totum
983 3799 1019 3861 et
1042 3795 1237 3880 integrum,
1265 3794 1422 3880 qualiter
1446 3794 1609 3880 superius
1632 3795 1805 3881 scriptum
1833 3798 1898 3874 est,
1922 3815 2061 3884 semper
2078 3799 2137 3866 sit

279 3953 317 4020 in
341 3955 515 4039 potestate
540 3951 650 4037 ipsius
674 3950 821 4037 paldulll
845 3949 1075 4017 etheredum
1099 3949 1201 4027 eius,
1227 3953 1263 4015 et
1286 3949 1396 4016 liceat
1419 3949 1520 4015 illum
1544 3950 1680 4017 eteius
1704 3950 1852 4018 heredes
1876 3950 1919 4018 de
1942 3970 1984 4018 eo
2010 3953 2128 4020 facere

278 4110 365 4194 quot
387 4104 579 4172 voluerint.
622 4107 666 4171 Et
689 4107 834 4190 propter
858 4103 1162 4171 confirmationem
1187 4103 1292 4170 huius
1331 4103 1546 4172 venditionis
1569 4104 1767 4172 comuniter
1790 4105 1857 4191 ipsi
1898 4105 2014 4172 viret
2038 4126 2129 4175 uxor

279 4263 510 4348 susceperunt
534 4264 579 4328 ab
603 4261 678 4346 ipso
703 4255 861 4326 cristallo
886 4277 950 4345 pro
975 4261 1080 4345 parte
1104 4259 1215 4345 ipsius
1238 4259 1385 4346 paldulll
1409 4261 1583 4327 statutum
1607 4261 1761 4347 pretium
1802 4260 1883 4328 auri
1910 4262 2041 4330 solidos
2064 4263 2127 4331 du-

269 4419 400 4484 centos
424 4416 461 4482 in
484 4415 580 4482 omni
604 4414 858 4481 deliveratione
883 4417 919 4480 et
943 4433 1006 4499 per
1029 4413 1316 4481 convenientiam
1340 4415 1408 4501 ipsi
1440 4413 1495 4481 vir
1530 4419 1566 4482 et
1598 4436 1689 4483 uxor
1724 4417 1923 4484 comuniter
1958 4418 2127 4504 guadiam

244 4570 247 4574 ’
281 4569 354 4656 ipso
378 4569 541 4636 cristallo
564 4588 628 4656 pro
652 4571 755 4654 parte
778 4567 847 4653 ipsi
871 4566 1019 4654 paldulll
1041 4567 1243 4646 dederunt,
1284 4570 1322 4633 et
1344 4566 1583 4634 fideiussorem
1607 4567 1641 4635 ei
1665 4587 1728 4655 pro
1752 4569 1850 4636 illius
1878 4573 1980 4656 parte
2006 4591 2128 4658 posue-

280 4727 367 4790 runt
390 4722 652 4790 landemarium
677 4721 847 4788 clericum
871 4721 984 4788 filium
1008 4721 1186 4807 quondam
1210 4722 1367 4789 landolfi.
1406 4723 1451 4788 Et
1473 4739 1537 4808 per
1561 4721 1672 4807 ipsam
1703 4723 1873 4810 guadiam
1898 4727 1967 4792 etc:
2010 4727 2129 4810 Sequi-

280 4883 344 4946 tar
369 4881 538 4946 consueto
560 4837 736 4962 formala,
763 4878 902 4944 stolata
926 4875 1062 4943 mulcta
1086 4875 1338 4964 quadrigentos
1377 4875 1457 4943 auri
1482 4875 1610 4944 solidos
1642 4879 1896 4947 constantines.
1938 4881 1981 4946 Et
2004 4880 2128 4948 taliter

283 5035 320 5100 te
344 5031 532 5100 raidolfum
555 5031 754 5108 diaconum,
781 5031 1024 5116 primicerium
1048 5031 1084 5095 et
1107 5028 1287 5112 notarium
1312 5031 1373 5117 qui
1398 5030 1594 5099 interfuisti
1616 5032 1773 5099 scribere
1798 5033 1952 5121 precepi.

324 5185 351 5276 †
376 5189 450 5271 Ego
474 5185 533 5274 qui
556 5203 665 5272 supra
687 5185 860 5252 iohannes
883 5184 1003 5252 iudex.

974 5439 1399 5454 m
