5372 7106
580 488 634 564 22
1244 469 1668 555 DAMIGERON

530 688 665 755 lactem
688 684 862 770 sicages.
890 681 1012 750 lavata
1036 681 1147 749 ovilia
1169 679 1304 748 circum
1328 675 1493 764 aspargis
1516 676 1566 760 (l)
1590 674 1666 742 sale
1688 672 1827 741 oriente
1859 675 1933 742 sole
1970 674 2104 740 habeas
2138 671 2222 738 ante
2249 669 2388 738 contri-

530 843 606 909 tum
632 838 786 926 lapidem
810 837 970 906 tenuiter
993 857 1073 904 cum
1098 855 1205 924 aqua.
1232 835 1325 902 unde
1339 833 1450 901 ovilia
1473 831 1607 900 circum
1625 830 1830 918 asperseris.
1856 830 1892 896 et
1908 827 2041 896 videbis
2057 845 2165 915 quam
2181 827 2387 912 plurimum

533 999 663 1064 lactem
686 991 946 1061 habundabant
970 992 1033 1075 (2).
1076 1009 1095 1056 e
1134 989 1166 1057 si
1188 988 1307 1057 scabie
1329 983 1573 1056 laborantibus
1597 988 1662 1054 hoc
1686 983 1812 1052 seceris
1835 982 1978 1052 sanabis
2002 1001 2075 1050 eas.
2105 984 2142 1048 et
2164 981 2372 1050 secundiora

528 1147 695 1216 habebis.
734 1145 935 1229 lithargum
959 1160 1043 1211 vero
1067 1140 1199 1209 dicitur
1222 1143 1368 1229 propter
1391 1142 1485 1208 hanc
1508 1157 1654 1208 causam
1677 1139 1763 1226 quia
1786 1136 2012 1224 procedentia
2036 1139 2132 1204 mala
2169 1137 2207 1204 in
2231 1135 2383 1203 oblivio-

530 1320 611 1369 nem
634 1300 732 1368 ducit
754 1297 956 1368 hominibus
980 1297 1045 1380 (3).
1086 1296 1176 1362 Nam
1214 1293 1426 1382 quicumque
1450 1312 1531 1361 eum
1555 1296 1800 1362 consecratum
1823 1293 1956 1378 portat.
1999 1293 2036 1358 ut
2070 1289 2368 1378 infrascriptum

529 1459 596 1522 est.
621 1453 730 1522 etiam
754 1450 951 1519 ostenderit
974 1452 1028 1534 (4)
1050 1467 1172 1535 regem
1196 1449 1252 1515 vel
1277 1451 1469 1535 potentem.
1510 1449 1573 1514 aut
1595 1446 1813 1532 prepositum
1836 1447 1900 1512 aut
1924 1447 2120 1530 parentem.
2158 1449 2219 1511 aut
2250 1444 2365 1512 dorni-

531 1627 615 1675 num
638 1604 675 1674 in
697 1605 912 1676 oblivionem
936 1623 1017 1670 eum
1042 1601 1196 1670 adducit.
1222 1601 1388 1702 Omnium
1404 1603 1488 1668 ante
1519 1603 1704 1668 auctorum
1729 1600 1778 1684 (5)
1802 1598 1999 1685 gratiosum
2023 1617 2162 1686 quoque
2178 1599 2265 1666 tacit
2280 1617 2369 1666 sem·

530 1781 595 1848 per
618 1763 655 1828 et
677 1760 846 1843 peritum.
872 1763 909 1826 ct
932 1758 1138 1826 facundum.
1163 1758 1200 1823 et
1221 1756 1414 1823 efficacem.
1439 1758 1476 1823 et
1499 1755 1779 1842 impetratorem,
1797 1757 1833 1822 et
1856 1753 2129 1842 persuadentem
2144 1753 2308 1820 omnibus
2325 1757 2387 1822 ho-

533 1915 687 1982 minibus
710 1915 745 1980 st
767 1914 830 1982 deo
855 1894 1081 1999 placabilem.
1108 1911 1145 1975 et
1167 1907 1344 1976 sacrificia
1367 1928 1459 1996 quae
1483 1911 1574 1978 fiunt
1597 1911 1660 1979 deo
1684 1911 1866 1996 gestantes
1883 1911 1934 1995 (6)
1950 1909 2171 1977 excellenter
2187 1913 2273 1995 apta
2291 1913 2390 1978 sunt.

411 2113 417 2120 -
467 2122 473 2126 .
532 2070 702 2156 propitiat
724 2069 820 2136 enim
845 2066 981 2133 viribus
1004 2065 1077 2132 suis
1100 2063 1218 2158 deum.
1243 2065 1281 2130 et
1305 2067 1394 2132 bene
1417 2066 1542 2134 volunt
1564 2067 1725 2134 omnibus
1749 2070 1812 2152 (7).
1838 2065 1940 2134 Facit
1956 2065 2110 2151 amplius
2133 2065 2238 2133 etiam
2263 2065 2390 2133 adver·

530 2241 590 2292 sus
613 2223 797 2292 invidiam.
821 2225 858 2288 et
880 2219 1055 2288 fascinum
1080 2237 1138 2284 res
1161 2217 1208 2284 sit
1231 2217 1310 2302 (sic.
1336 2219 1364 2284 l.
1390 2218 1552 2301 resistit).
1578 2220 1640 2306 qui
1664 2239 1744 2288 eum
1768 2221 1888 2306 portat
1911 2238 2107 2305 numquam
2130 2219 2383 2315 festinabitur.

531 2376 597 2452 Sed
621 2376 818 2444 infantibus
842 2374 963 2461 pueris
987 2375 1090 2440 abtus
1115 2370 1293 2457 congruit.
1320 2373 1357 2439 et
1379 2389 1451 2438 non
1473 2373 1649 2458 permittit
1672 2391 1731 2440 eos
1755 2371 1929 2442 macerari
1965 2371 2160 2459 siquando
2194 2372 2376 2440 intimida-

532 2531 625 2599 verit
647 2548 705 2598 eos
728 2528 888 2596 orridam
913 2529 1054 2595 mulier.
1083 2547 1165 2594 nam
1189 2525 1283 2593 sicut
1306 2543 1378 2593 non
1401 2529 1496 2594 alius
1521 2529 1761 2596 tutamentum
1785 2527 1931 2596 resistit.
1958 2528 2052 2596 Idem
2075 2529 2233 2596 dolorem
2258 2525 2396 2597 liberat

532 2682 691 2751 dentium
714 2683 916 2749 laborantes
939 2684 989 2766 (8)
1014 2679 1298 2765 circumligatus.
1322 2680 1489 2766 preterea
1511 2679 1600 2746 letos
1624 2681 1661 2746 et
1684 2679 1820 2746 validos
1847 2698 1905 2747 eos
1921 2680 2117 2751 constituit.
2144 2684 2240 2762 Quod
2264 2681 2295 2750 si
2313 2704 2391 2751 mu·

532 2835 601 2904 lter
624 2837 814 2907 difficulter
838 2834 996 2922 parienti
1015 2881 1024 2910 ‚
1065 2834 1144 2901 acia
1167 2833 1265 2901 facta
1288 2833 1332 2900 de
1351 2836 1443 2906 ,lana
1465 2833 1541 2901 ovis
1564 2833 1715 2902 fecunde
1748 2833 1917 2920 ligaveris
1939 2837 2038 2904 circa
2070 2838 2237 2906 dextrum
2261 2841 2377 2907 femur

534 2988 759 3056 continenter
782 2986 901 3074 pariat
924 2985 1000 3053 sine
1023 2947 1162 3052 dolore.¹
1183 2987 1271 3052 Nam
1294 2985 1508 3054 oblivionem
1531 2987 1655 3072 prebet
1677 2987 1836 3055 omnium
1859 2989 2033 3066 dolorum.
2060 2991 2112 3058 ita
2136 2953 2281 3058 resisti.
2310 2993 2396 3060 Cra-

499 3221 500 3224 *
533 3143 658 3212 terites
681 3145 801 3210 autem
825 3137 956 3208 dicitur
979 3139 1146 3227 quoniam
1171 3141 1280 3207 tenax
1304 3141 1369 3206 est.
1397 3141 1483 3208 Nam
1498 3137 1744 3208 fortitudinem
1767 3143 1804 3208 et
1818 3143 2014 3228 potentiam
2030 3144 2068 3212 in
2087 3143 2230 3229 judiciis
2255 3149 2293 3212 et
2307 3164 2391 3214 cau·

535 3298 585 3366 sis
607 3301 791 3385 ligatores·
805 3296 883 3381 (sic)
910 3296 951 3378 (l.
976 3294 1193 3380 litigatores)
1217 3292 1361 3361 vincere
1385 3293 1485 3362 facit.
1511 3293 1659 3362 Tantam
1683 3293 1967 3382 magnitudinem
2001 3246 2110 3364 habet
2132 3295 2199 3364 iste
2222 3297 2328 3384 lapis.
2352 3302 2394 3366 et

538 3470 585 3520 ne
609 3450 751 3552 mi'reris
775 3449 867 3538 quod
890 3452 994 3519 mota
1017 3447 1162 3514 nomina
1185 3448 1316 3514 habeat
1338 3447 1418 3514 iste.

584 3603 690 3690 Lapis
714 3602 855 3670 verillo.
880 3600 1021 3676 Verillo
1044 3598 1137 3685 lapis
1160 3599 1219 3666 hic
1242 3616 1396 3694 magnus
1421 3599 1514 3685 lapis
1536 3600 1604 3666 est.
1629 3602 1692 3667 list
1713 3599 1852 3692 lucidus
1875 3605 2077 3672 subscrinus
2100 3609 2140 3688 (l.
2166 3609 2398 3690 subserenus)

541 3758 661 3824 clarus
684 3756 811 3824 similis
834 3757 913 3824 oleo
935 3754 1112 3842 apollinis.
1137 3753 1274 3839 Sculpis
1297 3753 1336 3820 in
1359 3771 1438 3820 cum
1461 3754 1634 3822 locustam
1658 3754 1835 3823 marinam
1859 3759 1893 3823 et
1915 3760 1981 3826 sub
2004 3758 2108 3845 pedes
2131 3759 2209 3846 ejus
2232 3762 2401 3832 corniola

539 3911 577 3977 et
597 3913 664 3978 sub
686 3929 793 3996 goma
815 3909 992 3997 (9)ponis
1015 3909 1101 3977 erba
1123 3908 1251 3977 sanina
1275 3910 1318 3992 (l.
1342 3908 1482 3997 savina)
1506 3905 1679 3977 modicum
1705 3929 1790 4008 auro
1821 3910 1961 3980 inclusa
1998 3918 2226 3982 consacratus
2259 3919 2403 4003 gestato

539 4080 698 4132 amorem
720 4059 906 4150 coniungit
928 4065 965 4132 et
988 4062 1159 4131 maiorem
1182 4064 1342 4130 omnium
1366 4063 1466 4131 facit.
1507 4065 1676 4132 Preterea
1700 4064 1787 4132 facit
1809 4065 1869 4133 llio
1893 4065 1985 4154 lapis
2009 4067 2053 4134 ad
2077 4051 2260 4138 oculorum
2291 4070 2397 4140 vitra.

582 4635 622 4714 (Ι)
645 4630 681 4696 P.
704 4655 721 4697 e
742 4635 781 4696 A.
808 4659 820 4692 ι
845 4609 1110 4714 circumaspergis
1134 4656 1162 4695 r.

581 4781 630 4860 (2)
655 4781 691 4841 P.
714 4799 731 4840 e
754 4780 792 4842 A.
819 4803 832 4836 r
858 4767 1159 4859 circumasperseris
1180 4783 1212 4839 et
1233 4765 1435 4840 videbisc'as
1457 4731 1623 4840 abundare
1644 4779 1781 4860 plurimo
1805 4781 1891 4842 lacte
1916 4805 1944 4854 ι,

583 4927 623 5002 (3)
647 4927 682 4986 P.
705 4946 723 4987 c
745 4925 783 4988 A.
810 4949 822 4982 r
847 4925 880 4985 in
903 4924 1097 4986 oblivionem
1118 4924 1239 4985 ducunt
1261 4923 1405 4986 homines
1428 4947 1456 4985 ι.

583 5070 627 5151 (A)
651 5071 686 5132 P.
713 5095 725 5127 r
748 5069 846 5132 etiam
867 5068 1003 5130 offendat
1027 5093 1054 5130 r.
1077 5105 1117 5114 -
1143 5091 1154 5123 r
1179 5068 1276 5131 etiam
1298 5065 1470 5130 offenderat
1494 5091 1522 5130 r.

581 5217 629 5300 (5)
652 5217 688 5281 P.
715 5244 727 5278 r
750 5215 843 5279 Omni
865 5222 972 5277 autem
995 5221 1158 5278 auctorem
1182 5237 1209 5276 r.
1233 5250 1273 5262 —
1294 5213 1332 5276 A.
1358 5235 1370 5271 r
1394 5214 1529 5275 Omnino
1551 5220 1658 5275 autem
1680 5219 1843 5277 auctorem
1869 5239 1896 5278 ι.

582 5365 630 5448 (6)
651 5365 687 5428 P.
715 5391 727 5422 r
753 5383 835 5445 quae
857 5363 935 5424 fiunt
956 5364 1020 5422 Deo
1043 5361 1164 5442 [quum]
1188 5364 1333 5439 gestatur
1356 5382 1385 5420 r.
1406 5393 1447 5405 -
1469 5361 1506 5421 A.
1535 5385 1547 5417 r
1572 5379 1655 5440 quae
1677 5361 1756 5422 tiunt
1777 5351 2003 5441 deo'gestatus
2031 5385 2059 5426 r.

586 5509 631 5592 (7)
654 5509 689 5570 P.
715 5529 732 5570 e
755 5509 792 5570 A.
821 5535 833 5566 r
857 5513 890 5569 et
912 5509 1140 5570 benevolenter
1161 5506 1309 5568 omnibus
1330 5505 1408 5567 iacit
1432 5527 1459 5566 r.

588 5652 633 5733 (8)
657 5653 692 5716 P.
716 5672 733 5714 e
755 5653 794 5714 A.
822 5652 973 5713 «liberat
994 5653 1137 5712 dentium
1161 5651 1385 5724 laborantium,
1409 5651 1649 5731 circumligatus
1672 5676 1699 5715 r.

584 5795 631 5878 (9)
656 5799 691 5859 Ρ.
714 5818 732 5859 ο
755 5797 794 5860 A.
822 5821 834 5852 r
859 5795 1055 5857 corniculum
1078 5801 1109 5856 et
1132 5794 1193 5856 sub
1214 5814 1340 5875 gemma
1363 5817 1390 5856 r.
