5454 7104
999 527 1411 604 blstoltltlcus
2024 537 2090 610 lot

289 735 395 802 quam
419 719 455 784 at
477 719 602 786 octabo
619 739 714 786 anno
738 722 960 808 principatus
987 726 1023 790 et
1039 723 1195 810 ipsorum
1219 723 1407 793 ducatuum
1432 724 1551 792 domni
1566 727 1686 812 gisulfi
1710 730 1786 798 aius
1809 731 1876 798 fllii
1892 731 2016 800 eximii
2040 734 2139 820 prin-

287 871 376 958 cipis
399 875 435 939 et
457 873 571 950 ducis,
598 894 717 944 mense
740 877 886 963 magio,
911 878 1067 946 secunda
1090 873 1298 946 indictione.
1325 881 1399 965 Ego
1423 881 1559 949 amicus
1582 879 1715 950 domini
1739 885 1861 970 gratia
1886 889 1996 954 abbas
2020 907 2143 956 mona·

289 1029 389 1096 sterii
414 1030 531 1097 saneti
556 1031 688 1117 Angeli
712 1035 748 1100 at
770 1037 893 1102 sancte
916 1035 1011 1110 solla,
1038 1033 1098 1122 qui
1122 1036 1317 1102 constructi
1340 1037 1424 1102 suut
1448 1039 1543 1105 intus
1567 1057 1634 1106 ane
1658 1039 1920 1108 salernitanam
1943 1041 2143 1122 cibitatum,

288 1203 328 1251 eo
352 1183 443 1270 quod
470 1187 553 1250 ante
577 1187 791 1273 subscriptos
814 1187 956 1255 idoneos
980 1188 1139 1256 homines
1159 1241 1165 1254 .
1188 1241 1195 1256 .
1218 1241 1224 1254 .
1247 1241 1279 1253 ..
1315 1189 1360 1256 ad
1383 1190 1616 1258 laborandum
1641 1193 1678 1258 et
1701 1193 1959 1278 pastenandum
1984 1198 2135 1266 tradidit

288 1335 442 1422 sapatini
467 1338 538 1405 illio
565 1339 740 1429 quondam
765 1339 952 1418 iohanniS,
978 1343 1038 1427 qui
1063 1341 1131 1408 suit
1153 1340 1197 1408 de
1222 1343 1379 1417 liburie,
1405 1341 1448 1408 de
1472 1345 1577 1410 rebus
1600 1343 1861 1430 pertinentibus
1885 1347 2041 1416 eiusdem
2066 1369 2140 1416 mo·

288 1491 436 1558 nasterii
460 1497 586 1560 sancte
610 1497 718 1574 solla,
744 1467 832 1582 quas
856 1498 939 1564 abet
961 1498 1076 1564 locum
1101 1497 1337 1582 caputaquis,
1364 1497 1424 1562 ubi
1449 1495 1578 1564 dicitur
1602 1497 1811 1566 lasanareca
1848 1505 1884 1568 et
1907 1502 1951 1569 ad
1975 1507 2138 1572 sanctum

288 1644 518 1722 laniantium,
545 1647 710 1716 inclitum
734 1650 925 1736 pastinum,
952 1650 1043 1737 quod
1068 1649 1273 1736 pastenabit
1296 1652 1333 1716 et
1355 1649 1471 1717 tenuit
1492 1651 1560 1727 leo,
1586 1651 1647 1737 qui
1671 1652 1787 1720 dictus
1811 1657 1865 1721 est
1887 1674 2003 1734 caue;
2029 1677 2135 1744 quam

287 1801 323 1865 et
346 1799 493 1866 tradidit
516 1801 549 1867 ai
574 1801 618 1869 ad
642 1803 899 1888 pastenandum
923 1803 966 1869 de
990 1803 1068 1890 ipsa
1093 1805 1200 1870 rebus
1224 1803 1395 1870 coniunta
1417 1802 1463 1870 ad
1486 1803 1601 1890 ipsum
1626 1807 1806 1890 pastinum
1846 1827 2139 1894 permansuram

286 1953 328 2020 de
352 1953 503 2021 latitudo
527 1958 563 2021 at
585 1954 628 2022 de
652 1957 832 2043 longitudo
857 1957 1014 2023 inomni
1038 1957 1114 2023 loco
1138 1975 1210 2024 ana
1236 1957 1332 2042 passi
1354 1958 1518 2042 triginta.
1547 1961 1592 2026 Et
1614 1959 1645 2026 si
1669 1960 1750 2046 plus
1766 1960 1848 2028 inda
1871 1967 2064 2048 pastenare
2081 1987 2141 2054 po·

288 2111 398 2176 tuerit
420 2109 539 2196 ibique
563 2111 790 2178 coniunctum
815 2109 858 2176 de
881 2111 960 2198 ipsa
984 2113 1100 2186 rebus,
1119 2111 1230 2178 totum
1245 2097 1343 2178 'illud
1367 2117 1555 2198 pasteuent
1578 2116 1686 2182 binaa
1710 2115 1753 2182 de
1777 2119 1867 2185 bono
1891 2119 2037 2198 vitineo,
2056 2123 2142 2209 quia

286 2265 324 2331 in
347 2265 413 2330 tali
437 2265 552 2330 tinore
577 2283 643 2350 ego
669 2265 847 2351 pradictus
872 2267 980 2332 abbas
1004 2265 1083 2353 ipsa
1106 2263 1298 2332 traditione
1322 2265 1433 2350 ipsius
1456 2267 1613 2352 sapatini
1631 2267 1780 2336 tradidit
1802 2290 1866 2357 pro
1890 2275 1993 2358 parte
2016 2293 2142 2363 supra-

286 2415 409 2503 scripti
435 2417 642 2484 monastarii
667 2420 790 2484 sancte
813 2418 896 2485 solie
920 2438 999 2485 cum
1018 2418 1094 2486 bica
1119 2418 1162 2484 de
1186 2419 1245 2486 bia
1261 2437 1337 2494 sua,
1356 2419 1403 2486 ud
1427 2419 1501 2504 ipse
1525 2420 1692 2506 sapatinu
1717 2425 1753 2490 et
1768 2441 1848 2490 suos
1864 2425 2011 2494 heredes
2027 2425 2140 2513 ipsam

285 2569 510 2639 traditionem
536 2573 686 2638 teneant
708 2590 846 2658 semper
870 2571 968 2640 nasci
992 2570 1198 2647 nascendo,
1235 2573 1272 2637 et
1294 2573 1393 2638 fobea
1416 2574 1452 2638 at
1474 2591 1595 2640 omnes
1629 2592 1691 2641 sua
1727 2576 1893 2644 utilitatis
1928 2577 1977 2648 ibi
2003 2583 2138 2651 saciant

284 2725 380 2791 iusta
402 2727 590 2790 rationem.
617 2727 662 2792 Et
684 2725 800 2811 ipsum
824 2723 1006 2810 pastinum
1026 2771 1033 2792 ,
1060 2723 1151 2810 quod
1179 2723 1279 2790 modo
1302 2725 1357 2789 est
1379 2727 1620 2808 pastenatum,
1647 2727 1854 2794 annualiter
1877 2733 1959 2816 apto
1982 2735 2141 2818 tempore

284 2879 372 2946 illud
395 2879 560 2946 lavorent
582 2881 616 2944 et
640 2877 809 2954 studiant,
828 2880 920 2945 sicut
942 2879 1111 2946 meruerit
1141 2883 1178 2945 et
1203 2879 1334 2945 iustum
1358 2878 1479 2956 suerit,
1497 2881 1534 2946 et
1556 2881 1694 2947 clusum
1719 2899 1857 2969 semper
1877 2883 1978 2952 illum
1995 2887 2139 2963 abeant,

284 3036 376 3102 sicut
399 3032 583 3100 meruerit.
610 3037 654 3100 Et
677 3035 753 3120 ipso
769 3032 868 3100 aliud
892 3051 955 3119 per
979 3033 1074 3120 ipsas
1098 3052 1296 3110 mensuras,
1316 3017 1439 3101 amodo
1463 3037 1499 3101 et
1523 3051 1635 3122 usque
1658 3036 1779 3104 decem
1796 3057 1908 3106 annos
1933 3041 2137 3126 completos,

284 3187 500 3273 adsingueut
522 3187 566 3253 ad
591 3206 676 3273 pars
702 3185 813 3274 ipsius
837 3185 1040 3254 monasterii
1065 3187 1187 3255 sancta
1210 3187 1292 3253 solie
1315 3189 1540 3272 pastenatum
1565 3191 1602 3255 et
1625 3192 1763 3257 surtum
1788 3191 1894 3260 vinea
1917 3191 1960 3260 de
1984 3195 2074 3261 bono
2090 3195 2141 3262 bi-

283 3343 406 3419 tineo,
432 3341 524 3409 sicut
547 3343 644 3408 locus
672 3342 747 3429 ipse
771 3343 813 3409 de
836 3345 955 3409 tantos
978 3361 1089 3409 anuos
1115 3341 1299 3409 meruerit.
1339 3329 1383 3408 Et
1406 3341 1611 3410 annualiter
1636 3347 1718 3430 apto
1742 3347 1900 3432 tempore
1930 3345 2021 3415 illud
2044 3347 2141 3415 lavo·

283 3499 366 3565 rent
390 3499 426 3562 et
451 3495 610 3564 studiant
633 3514 712 3561 cum
736 3493 814 3580 ipsa
839 3495 913 3562 alia
936 3494 1051 3570 vinea,
1078 3493 1235 3581 qualiter
1259 3494 1440 3572 meruerit,
1458 3493 1504 3560 ud
1528 3489 1655 3562 cotidie
1678 3489 1848 3581 proficiad
1872 3501 1909 3565 et
1932 3517 2001 3565 non
2025 3499 2139 3586 dispe-

286 3650 397 3727 raad,
425 3654 462 3717 at
484 3653 621 3718 clusum
646 3648 738 3716 illud
761 3649 872 3717 abead
897 3649 989 3717 unde
1012 3625 1207 3725 meruerit,
1233 3651 1269 3714 et
1292 3667 1431 3735 semper
1454 3647 1532 3736 ipsa
1555 3649 1748 3718 traditione
1772 3653 1873 3720 salba
1896 3651 2032 3721 saciant
2055 3657 2138 3741 apto

284 3810 461 3892 tempore,
487 3805 534 3872 ud
557 3806 690 3872 iustum
715 3805 844 3882 suarid,
875 3807 912 3872 et
934 3823 998 3890 par
1020 3803 1196 3872 biudemie
1221 3803 1353 3872 saciant
1375 3823 1512 3892 semper
1535 3799 1626 3871 scire
1650 3793 1734 3892 pars
1757 3805 1993 3893 suprascripti
2017 3827 2139 3875 mona-

281 3962 384 4029 sterii
406 3963 528 4029 sancte
551 3959 711 4036 subaud
734 3959 784 4027 ibi
808 3958 951 4045 dirigad
974 3958 1131 4026 missum
1158 3977 1273 4036 suum,
1287 3960 1324 4025 et
1346 3958 1388 4025 da
1411 3975 1550 4024 omnem
1574 3957 1695 4025 vinum
1721 3959 1891 4027 muudum
1915 3964 1952 4027 et
1975 3959 2136 4041 mistum,

283 4135 386 4204 quam
411 4117 454 4183 de
481 4115 560 4200 ipsa
582 4113 775 4181 traditione
799 4113 982 4191 fecerint,
1007 4113 1093 4181 dent
1122 4112 1304 4200 adipsum
1329 4111 1474 4179 missum
1499 4109 1656 4179 inclitam
1680 4115 1845 4198 quartam
1868 4117 2033 4201 partem,
2059 4115 2142 4184 reli·

287 4288 375 4356 quas
398 4272 472 4336 tres
495 4270 615 4355 partes
637 4265 705 4334 sibi
728 4269 881 4344 abeant,
907 4265 1045 4352 etipsa
1071 4284 1155 4352 pars
1178 4267 1288 4352 ipsius
1312 4266 1505 4335 monasteri
1542 4269 1687 4350 portent
1710 4266 1752 4333 ad
1776 4267 1964 4336 cellarium
1988 4269 2064 4338 eius
2088 4267 2143 4338 in-

283 4421 408 4510 deque,
434 4425 471 4489 et
493 4421 585 4488 illud
609 4424 783 4508 reponant
805 4419 844 4488 in
866 4439 1062 4506 organeum
1087 4417 1200 4505 ipsius
1225 4417 1447 4486 monasterii.
1476 4469 1602 4485 .....
1627 4435 1767 4506 semper
1791 4439 1919 4488 vonum
1943 4421 2140 4492 studiatum

288 4581 324 4642 at
346 4575 559 4653 conciatum,
585 4573 679 4642 etin
702 4574 781 4660 ipsa
804 4572 997 4640 traditione
1021 4571 1214 4650 resideant,
1240 4575 1277 4639 ot
1301 4570 1416 4658 ipsum
1440 4572 1586 4640 missum
1610 4569 1803 4652 nutricant,
1821 4573 2011 4643 secundum
2036 4595 2140 4646 suam

283 4727 554 4812 possivilitatem
578 4731 614 4794 et
632 4726 772 4794 -iustum
796 4725 913 4794 luerit.
938 4727 984 4792 Et
1007 4727 1114 4812 quale
1139 4727 1297 4813 tempore
1320 4725 1363 4794 de
1386 4725 1464 4812 ipsa
1488 4725 1681 4796 traditione
1703 4725 1805 4794 exire
1830 4725 1997 4806 boluerit,
2023 4723 2141 4796 licead

282 4881 376 4950 illud
400 4880 482 4948 iude
506 4881 607 4949 exire
631 4880 678 4948 da
702 4881 770 4966 ipsi
793 4879 913 4946 decem
937 4878 1023 4946 anni
1046 4877 1085 4946 in
1108 4883 1217 4948 antea
1240 4883 1277 4947 at
1299 4879 1353 4948 ire
1377 4877 1437 4947 ubi
1461 4877 1642 4958 boluerit,
1681 4899 1762 4947 cum
1784 4879 1905 4948 omnia
1927 4899 1993 4950 sua
2015 4899 2137 4950 causa.

281 5039 437 5106 Tantum
461 5037 560 5124 prius
583 5036 773 5122 adsignent
795 5033 908 5122 ipsam
931 5033 1161 5103 traditionem
1202 5035 1247 5103 ad
1271 5054 1357 5122 pars
1380 5035 1489 5123 ipsius
1526 5038 1732 5105 monasterii
1766 5037 1956 5123 pasteuata
1979 5039 2016 5104 et
2037 5039 2140 5106 salba

279 5196 318 5259 et
340 5192 457 5269 elusa,
483 5193 595 5279 quala
620 5189 803 5258 meruerit.
840 5189 938 5258 Unde
971 5189 1009 5256 in
1032 5207 1073 5257 eo
1095 5187 1245 5257 hordine
1269 5208 1334 5277 per
1356 5189 1607 5258 conbeniantia
1641 5189 1776 5277 guadia
1809 5189 1897 5258 mihi
1932 5191 2030 5260 dedit
2063 5191 2139 5280 ipse

278 5345 464 5434 sapatiuus
487 5363 552 5431 pro
577 5351 680 5432 parta
713 5342 947 5430 suprascripti
969 5341 1178 5410 monasterii
1202 5347 1324 5410 sancta
1347 5343 1457 5422 sodo,
1482 5345 1519 5410 et
1541 5341 1781 5411 fideiussorem
1805 5343 1892 5410 mini
1915 5345 2033 5430 posuit
2047 5345 2140 5433 seip-

290 5517 396 5580 sum3
421 5504 458 5569 et
479 5517 545 5587 per
568 5499 680 5586 ipsam
714 5497 882 5585 guadiam
906 5495 1079 5583 obligavit
1101 5515 1138 5564 se
1161 5499 1198 5564 et
1220 5515 1300 5565 suos
1324 5497 1498 5576 haredeS,
1535 5497 1582 5565 ud
1605 5497 1635 5565 si
1656 5495 2043 5585 omniasuprascripta
2067 5517 2138 5566 non

211 5727 216 5738 ,
286 5621 565 5743 adimpleberint
588 5655 624 5719 in
648 5655 750 5740 parte
774 5649 1009 5738 suprascripti
1025 5649 1235 5719 monasterii
1259 5653 1382 5718 sancte
1405 5651 1500 5729 solla,
1517 5653 1554 5718 et
1577 5649 1708 5738 aliquit
1730 5649 1773 5718 de
1789 5650 2041 5738 suprascriptis
2056 5669 2139 5718 con·
2162 5717 2166 5728 ,

286 5805 518 5885 tradixerint,
543 5825 612 5894 per
635 5807 749 5895 ipsam
772 5805 941 5894 guadiam
965 5821 1173 5894 componere
1196 5804 1371 5892 obligavit
1392 5822 1431 5872 se
1454 5803 1529 5893 ipse
1551 5806 1737 5894 sapatinus
1759 5810 1796 5875 et
1818 5825 1898 5876 suos
1921 5803 2070 5877 heredes
2092 5805 2138 5876 ad
