5454 7104
635 495 680 568 ei
1272 487 1446 560 ubuux
1485 484 1740 558 cnvsnsm

585 692 723 776 partem
744 687 901 774 predicti
924 683 1197 772 archiepiscopii
1221 682 1448 750 remittamus
1472 683 1694 769 potestatem,
1719 681 1756 744 et
1778 676 1886 744 liceat
1909 695 1972 744 nos
1995 674 2077 742 inde
2100 673 2202 740 exire
2225 693 2306 739 cum
2320 671 2440 739 omni·

587 849 652 913 bus
675 843 806 911 nostris
829 842 960 912 causis.
1002 845 1047 909 Et
1069 842 1126 918 si,
1163 841 1256 908 sicut
1279 839 1444 926 superius
1467 837 1640 922 scriptum
1663 837 1743 912 est,
1780 835 1855 920 ipse
1878 832 2026 899 domnus
2048 827 2272 916 archipresul
2294 830 2332 894 et
2353 845 2435 894 suos

578 1017 810 1069 successores
834 1003 871 1065 et
894 999 1033 1084 partem
1057 995 1209 1083 predicti
1233 992 1517 1080 archiepiscopii,
1544 990 1652 1059 michi
1675 989 1815 1078 meique
1838 985 2027 1055 heredibus
2050 1004 2120 1052 non
2144 980 2439 1069 adimpleverint,

584 1157 622 1220 et
643 1153 888 1241 suprascripta
911 1152 970 1218 vel
993 1169 1039 1218 ex
1062 1153 1113 1219 eis
1137 1149 1327 1236 quicquam
1358 1165 1541 1214 removere
1564 1148 1629 1212 aut
1649 1143 1894 1212 contradicere
1918 1138 2207 1228 presumpserint,
2233 1155 2297 1223 per
2320 1135 2435 1222 ipsam

586 1307 755 1394 guadiam
780 1307 855 1394 ipse
879 1305 1027 1373 domnus
1050 1302 1278 1389 archipresul
1300 1301 1478 1387 obligavit
1499 1317 1537 1366 se
1560 1303 1597 1367 et
1611 1319 1692 1367 suos
1714 1298 1996 1375 successores,et
2019 1313 2103 1382 pars
2127 1291 2275 1381 predicti
2298 1290 2440 1358 archie-

586 1461 748 1549 piscopii,
774 1481 983 1547 componere
1007 1461 1112 1528 michi
1140 1460 1280 1548 meique
1305 1458 1495 1525 heredibus
1518 1454 1649 1542 viginti
1673 1453 1753 1520 auri
1769 1452 1898 1520 solidos
1921 1449 2175 1518 constantines.
2200 1445 2293 1533 quod
2308 1443 2438 1530 scripsi

588 1634 654 1701 ego
679 1614 878 1682 romoaldus
902 1613 1075 1680 notarius

631 1769 658 1862 †
684 1773 758 1856 Ego
782 1768 944 1836 marinus
968 1767 1120 1835 clericus
1143 1770 1179 1834 et
1201 1765 1430 1854 primicerius

636 1924 664 2014 †
688 1927 762 2010 Ego
787 1926 929 1992 amatus
952 1923 1126 2009 presbiter
1150 1925 1186 1988 et
1209 1919 1407 1988 cardinalis

628 2079 655 2170 †
686 2081 760 2166 Ego
786 2077 961 2145 iohannes
984 2076 1159 2162 presbiter
1183 2079 1219 2142 et
1241 2073 1450 2142 cardinalis.

1332 2327 1705 2340 ——n——u——nn—

1400 2651 1612 2733 MCXV

1361 2932 1419 3006 A.
1450 2929 1506 3004 D.
1535 2933 1661 3008 1049

632 3160 660 3252 †
685 3165 723 3229 ln
746 3163 888 3230 nomine
912 3163 1044 3231 domini
1071 3164 1249 3231 tricesimo
1274 3165 1394 3250 primo
1417 3184 1511 3232 anno
1534 3164 1755 3250 principatus
1793 3165 1913 3232 domni
1937 3165 2048 3232 nostri
2070 3135 2265 3233 Guaimarii
2288 3163 2438 3252 gloriosi

591 3315 774 3402 principis,
800 3323 836 3383 et
859 3317 1046 3385 undecimo
1069 3337 1164 3384 anno
1187 3318 1339 3384 ducatus
1365 3317 1442 3385 eius
1466 3319 1624 3407 Amalds‚
1650 3323 1687 3386 et
1709 3320 1844 3388 decimo
1864 3339 1960 3420 anno
1983 3321 2133 3388 ducatus
2149 3319 2248 3388 illius
2270 3319 2438 3396 sirrenti,

590 3473 627 3536 et
647 3473 772 3538 octabo
796 3491 889 3539 anno
912 3473 1137 3560 principatus
1160 3477 1197 3540 et
1220 3493 1380 3561 1psorum
1403 3473 1598 3543 ducatuum
1620 3475 1741 3542 domni
1763 3453 1883 3562 gisulfi
1917 3476 2042 3544 eximii
2065 3475 2236 3562 principis
2270 3477 2307 3542 et
2339 3472 2445 3542 ducis

588 3623 654 3690 filii
678 3625 778 3710 eius,
804 3645 924 3694 mense
949 3627 1096 3713 Aprilis,
1121 3628 1278 3695 secunda
1305 3627 1513 3696 indictione.
1539 3631 1625 3696 Dum
1649 3629 1688 3697 in
1710 3631 1811 3696 sacro
1834 3628 2055 3697 salernitano
2077 3628 2211 3715 palatio
2234 3647 2355 3696 coram
2388 3646 2449 3694 su-

590 3778 789 3866 prascripto
812 3781 937 3848 domno
961 3785 1081 3888 nostro
1104 3782 1325 3858 Guaimario,
1354 3781 1581 3849 serenissimo
1604 3783 1641 3848 et
1663 3801 1686 3848 a
1708 3780 1772 3848 deo
1796 3785 2003 3849 conservato
2026 3781 2199 3868 principe,
2216 3783 2253 3848 et
2275 3779 2363 3848 duce
2386 3799 2441 3848 es-

590 3935 671 4000 sent
692 3932 840 4000 domnus
863 3934 970 4019 guido
993 3935 1067 4002 dux
1090 3937 1127 4002 et
1150 3935 1337 4022 paldolfus
1362 3937 1476 4002 frater
1499 3935 1602 4013 eius,
1638 3940 1675 4004 et
1697 3937 1780 4004 dum
1804 3955 1915 4004 essem
1939 3956 2005 4024 ego
2038 3939 2187 4006 Amatus
2222 3938 2344 4014 niden,
2371 3955 2452 4004 ma-

591 4083 711 4153 scinus
734 4085 954 4153 vestararius
978 4087 1089 4172 ipsius
1112 4087 1232 4155 domni
1255 4088 1434 4174 principis
1457 4092 1494 4155 et
1516 4088 1641 4165 duciS,
1678 4107 1742 4174 per
1765 4088 1957 4156 iussionem
1980 4089 2107 4157 illius:
2132 4090 2285 4158 ostendit
2306 4091 2443 4178 scripta

590 4237 643 4304 ita
666 4239 934 4307 continentem:
972 4242 1046 4328 Ego
1070 4243 1273 4309 romoaldus
1298 4262 1362 4328 pro
1386 4245 1488 4329 parte
1511 4244 1746 4332 suprascripti
1768 4244 1887 4312 domni
1911 4245 2024 4313 nostri
2047 4245 2240 4332 guaimarii
2263 4246 2435 4333 principis

593 4393 630 4457 et
652 4391 753 4459 ducis
776 4392 880 4460 divisi
904 4413 973 4470 res,
999 4413 1088 4481 quas
1111 4395 1186 4482 ipse
1209 4394 1363 4462 domnus
1401 4396 1566 4482 princeps
1589 4399 1626 4462 et
1648 4396 1721 4464 dux
1744 4416 1947 4464 communes
1970 4399 2080 4465 habet
2102 4417 2183 4466 cum
2218 4398 2293 4485 ipso
2316 4397 2446 4466 domno

592 4545 746 4632 guidone
768 4547 857 4613 duce
879 4549 916 4614 et
939 4547 1098 4634 paldulso
1122 4547 1298 4615 fratribus
1321 4547 1395 4616 suis
1419 4547 1456 4617 in
1479 4549 1724 4616 subscrivendi
1747 4550 1847 4618 locis.
1883 4549 2041 4617 Primum
2064 4549 2169 4617 divisi
2204 4552 2338 4617 terram
2363 4568 2444 4616 cum

593 4702 739 4768 arbusto
764 4700 802 4768 in
825 4702 901 4769 loco
925 4704 1160 4788 apusmonte‚
1186 4705 1223 4770 et
1246 4704 1316 4770 feci
1340 4722 1386 4770 ex
1410 4705 1487 4789 ipsa
1510 4707 1583 4770 tres
1605 4706 1744 4771 sortes:
1770 4704 1923 4790 primam
1946 4703 1984 4770 in
2008 4707 2111 4789 parte
2133 4703 2354 4779 occidentis,
2390 4721 2444 4769 se·

593 4857 710 4926 cunda
731 4858 771 4924 in
794 4858 954 4934 meridie,
973 4858 1082 4924 tertia
1105 4858 1143 4924 in
1168 4859 1272 4943 parte
1298 4855 1462 4924 orientis.
1490 4859 1604 4944 lpsam
1627 4857 1780 4945 primam
1804 4860 1937 4926 sortem
1961 4858 2028 4925 feci
2052 4877 2116 4944 per
2137 4857 2224 4925 fines
2247 4860 2284 4925 et
2305 4875 2451 4925 mensu·

593 5031 665 5079 ras:
691 5015 745 5080 Ab
769 5013 846 5100 ipsa
869 5015 971 5100 parte
994 5011 1188 5080 occidentis
1211 5011 1310 5088 dne,
1354 5011 1449 5078 sicut
1472 5011 1589 5078 media
1611 5029 1710 5097 sepes
1732 5011 1905 5080 discernit
1927 5009 2121 5097 incipiente
2143 5028 2311 5079 mensura
2334 5031 2357 5078 a
2385 5011 2452 5078 via

594 5165 737 5253 publica
760 5184 828 5252 que
851 5169 905 5232 est
928 5165 966 5231 in
990 5167 1092 5251 parte
1115 5165 1395 5252 septemtrionis,
1420 5168 1457 5232 et
1479 5168 1562 5234 sunt
1585 5165 1779 5232 rneusurati
1803 5164 1900 5233 intra
1923 5165 2017 5252 ipsas
2041 5185 2098 5233 res
2122 5164 2225 5234 iuxta
2247 5167 2361 5254 ipsam
2394 5184 2451 5234 se-

594 5341 674 5408 pem
698 5339 808 5408 usque
832 5321 871 5388 in
893 5321 966 5388 alia
989 5321 1048 5388 via
1070 5320 1166 5408 passi
1190 5320 1336 5388 ducenti
1361 5323 1398 5387 et
1422 5340 1525 5397 unus,
1551 5324 1588 5387 et
1610 5322 1814 5388 revolvente
1837 5340 1902 5408 per
1924 5320 2039 5408 ipsam
2062 5321 2157 5389 viam
2180 5321 2219 5388 in
2243 5321 2322 5409 ipsa
2337 5323 2449 5409 parte

593 5476 789 5549 occidentis
812 5477 906 5564 passi
930 5497 1018 5554 sex,
1054 5476 1157 5543 etde
1181 5475 1260 5562 ipsa
1285 5475 1345 5544 via
1370 5475 1573 5543 revolvente
1596 5475 1635 5543 in
1658 5479 1760 5564 parte
1783 5474 1930 5544 meridie
1954 5495 2064 5563 usque
2098 5477 2135 5543 in
2158 5476 2232 5546 alia
2266 5477 2325 5544 via
2347 5477 2442 5564 passi

594 5632 777 5718 octoginta
802 5651 879 5700 sex.
905 5632 959 5699 Ab
974 5632 1051 5718 ipsa
1075 5615 1179 5718 parte
1196 5629 1361 5698 meridiei
1384 5633 1439 5697 est
1452 5630 1532 5698 finis
1555 5630 1633 5717 ipsa
1656 5631 1727 5710 via;
1753 5633 1790 5697 et
1811 5649 1874 5716 per
1889 5632 2003 5716 ipsam
2020 5631 2115 5699 viam
2132 5630 2329 5698 mensurati
2347 5631 2444 5717 passi

594 5790 736 5855 centum
760 5787 902 5873 triginti
926 5791 963 5854 et
985 5805 1064 5854 sex.
1092 5789 1120 5854 A
1146 5791 1248 5874 parte
1273 5786 1425 5856 orientis
1449 5787 1544 5874 passi
1567 5791 1710 5855 centum
1734 5788 1929 5875 quattuor,
1962 5791 1998 5855 et
2022 5789 2225 5854 revolvente
2249 5786 2446 5855 mensurati
