5452 7108
629 523 671 594 m
1291 501 1463 590 connx
1496 515 1757 590 cuvnusrs

580 736 664 806 pars
688 715 846 804 predicte
870 715 1017 782 ecclesie
1034 717 1100 782 eto:
1129 717 1276 782 statuto
1300 713 1434 780 rivalicia
1456 715 1601 779 centum
1616 712 1704 779 ariri
1718 712 1913 776 solidemur
1930 710 2323 776 constantinianae-iun.
2342 711 2435 785 Quod

580 870 707 957 scripsi
732 888 797 956 ego
822 867 1026 935 romualdus
1050 865 1222 934 notarius.

622 1023 649 1114 †
675 1026 749 1110 Ego
773 1023 923 1090 alferius
949 1021 1152 1089 nominatus
1175 1019 1344 1086 diaconus
1367 1014 1646 1102 archipresbiter
1669 1017 1705 1080 et
1728 1016 1836 1080 abbas

623 1176 651 1266 †
675 1179 749 1262 Ego
773 1179 895 1261 petrus
918 1174 1095 1261 presbiter
1118 1176 1154 1238 et
1177 1169 1422 1257 primicerious

624 1328 651 1420 †
678 1331 753 1414 Ego
778 1331 878 1394 basso
901 1328 1150 1395 subdiaconus

1391 1901 1629 1982 MLXIII

1362 2245 1420 2319 A.
1444 2235 1504 2316 D.
1535 2243 1657 2317 1046

619 2539 645 2630 †
670 2543 708 2606 ln
732 2541 874 2606 nomine
899 2541 1032 2608 domini
1065 2541 1231 2606 vicesimo
1256 2543 1405 2606 hoctabo
1429 2559 1522 2606 anno
1547 2541 1767 2626 principatus
1790 2540 1932 2607 salerni·
1947 2539 2067 2606 domni
2098 2539 2211 2636 nostri
2238 2539 2429 2623 guaimari,

575 2698 610 2758 et
633 2697 757 2762 octabo
781 2715 875 2760 anno
899 2693 1124 2782 principatus
1148 2694 1224 2760 eius
1248 2713 1386 2780 capue,
1413 2697 1449 2759 ct
1474 2693 1546 2760 dux
1570 2694 1646 2760 eius
1671 2693 1804 2770 amalfi,
1830 2695 1866 2758 et
1889 2692 2039 2778 septimo
2061 2712 2155 2758 anno
2182 2693 2332 2759 ducatus
2355 2693 2431 2760 eius

574 2850 791 2922 surrentum,
805 2851 841 2911 et
865 2846 989 2931 quinto
1014 2866 1108 2914 anno
1131 2846 1455 2933 suprascriptorum
1469 2846 1734 2932 principatuum
1758 2849 1795 2912 et
1809 2847 2002 2913 ducatuum
2025 2846 2145 2913 domni
2156 2846 2275 2932 gisulfi
2287 2848 2362 2914 eius
2384 2849 2435 2914 nli

574 2999 700 3065 eximii
723 2999 877 3086 principi
901 3005 937 3065 et
961 3000 1073 3077 ducis
1098 3004 1135 3066 et
1158 3004 1285 3086 quarto
1302 3020 1395 3066 anno
1411 3001 1560 3066 ducatus
1577 2999 1719 3065 illorum
1737 2998 1856 3085 apulie
1877 2999 1938 3064 het
1960 2999 2136 3076 kalabrie,
2154 3019 2274 3066 mense
2289 3002 2433 3087 aprelis,

575 3153 847 3239 ‹piartadecima
860 3152 1066 3219 indictione.
1094 3151 1383 3220 Memoratorium
1408 3153 1540 3218 sactum
1556 3173 1579 3220 a
1599 3171 1654 3218 me
1674 3151 1761 3218 lidto
1781 3152 1853 3218 tilio
1870 3152 2046 3237 quondam
2065 3152 2249 3228 muscarii,
2280 3172 2320 3219 co
2344 3157 2436 3242 quod

574 3311 658 3373 ante
672 3306 854 3392 presentia
867 3305 961 3390 petri
974 3305 1084 3371 iudici
1108 3307 1144 3372 et
1156 3307 1239 3374 ante
1252 3305 1316 3371 alii
1329 3307 1436 3371 testes
1450 3305 1638 3372 coniuntus
1653 3323 1731 3372 surn
1755 3307 1794 3371 at
1806 3322 1897 3372 vona
1913 3304 2172 3371 combenientia
2187 3323 2267 3372 cum
2280 3324 2436 3373 sesamus

574 3463 650 3528 thio
674 3482 772 3532 meus
795 3465 891 3532 filius
915 3467 1091 3551 qirondam
1098 3518 1194 3536 .......
1221 3465 1411 3552 presbiteri
1434 3467 1473 3532 at
1496 3461 1724 3530 dibidendum
1747 3481 1828 3528 cum
1852 3460 1934 3526 illut
1956 3461 2024 3526 duo
2048 3479 2128 3528 case
2160 3461 2289 3528 labrite
2322 3462 2360 3528 in
2383 3479 2437 3527 so-

573 3615 664 3682 lario
688 3619 818 3696 lebate,
845 3620 936 3703 quod
961 3622 1109 3685 abemus
1133 3622 1178 3686 ab
1202 3619 1298 3686 intus
1321 3619 1467 3685 castello
1490 3617 1712 3684 firmamento
1736 3614 1893 3692 nucerie,
1920 3615 2011 3700 quod
2035 3618 2119 3680 sunt
2152 3613 2338 3682 coniuncte
2363 3633 2434 3680 una

572 3769 609 3834 in
635 3771 738 3854 parte
761 3769 910 3835 orientis
934 3735 1125 3836 coniuncta
1149 3773 1187 3836 at
1210 3771 1278 3838 fine
1302 3771 1449 3855 platea,
1475 3772 1511 3835 ct
1534 3767 1608 3835 alia
1631 3769 1669 3835 in
1693 3771 1795 3854 parte
1818 3767 2011 3835 occidentis
2035 3769 2074 3833 at
2096 3767 2166 3832 tlne
2198 3766 2271 3833 alia
2301 3768 2433 3853 platea,

575 3893 615 3988 iu
639 3942 707 4007 quo
731 3921 780 3988 ibi
803 3924 898 3989 scale
924 3923 1054 3990 sabrite
1079 3927 1235 3999 abemus,
1262 3926 1298 3990 et
1329 3923 1424 3989 inter
1456 3926 1558 3988 ambe
1588 3922 1654 3988 istc
1686 3939 1767 3987 case
1798 3920 1928 3987 ibidem
1960 3919 2160 3986 edificatum
2192 3921 2337 3988 abemus
2368 3940 2437 3986 uno

572 4096 685 4152 muro,
712 4075 804 4142 unde
829 4076 975 4142 lecimus
1000 4095 1072 4144 una
1095 4078 1190 4143 sorte
1214 4075 1340 4142 inclita
1372 4075 1450 4160 ipsa
1473 4093 1557 4140 casa
1585 4077 1707 4140 subter
1738 4076 1774 4138 et
1805 4092 1911 4158 super
1942 4073 2034 4158 quod
2065 4091 2174 4158 supra
2198 4072 2365 4140 diximus:
2390 4073 2436 4140 da

571 4233 674 4314 parte
697 4227 845 4294 orientis
868 4227 1060 4294 coniuncta
1083 4229 1128 4294 ab
1152 4228 1230 4313 ipsa
1253 4227 1400 4312 platea,
1434 4228 1471 4292 et
1493 4225 1567 4293 alia
1591 4229 1685 4293 sorte
1710 4201 1922 4293 lecimus'do
1954 4227 2028 4312 ipso
2059 4227 2191 4292 solario
2215 4245 2370 4312 suprano
2393 4228 2435 4294 de

574 4384 652 4467 ipsa
675 4381 827 4449 casada
850 4385 953 4466 parte
977 4381 1170 4449 occidentis
1194 4384 1232 4448 at
1254 4382 1325 4450 fine
1347 4381 1425 4467 ipsa
1448 4381 1579 4466 platea,
1606 4353 1699 4446 unde
1723 4378 1822 4465 prius
1845 4379 2071 4464 conpreensit
2092 4378 2166 4464 ipse
2189 4398 2346 4446 sesamus
2362 4383 2436 4448 tota

576 4537 612 4596 et
636 4533 779 4618 integra
803 4533 879 4619 ipsa
903 4551 987 4600 casa
1011 4537 1133 4601 subter
1156 4537 1193 4600 et
1215 4552 1322 4620 super
1345 4534 1391 4602 da
1414 4535 1517 4618 parte
1540 4531 1701 4607 orientis,
1727 4533 1763 4596 ot
1786 4548 1851 4616 ego
1875 4531 2077 4598 nominatus
2100 4532 2186 4600 lidto
2202 4535 2437 4619 compreensit

572 4687 736 4754 inclitum
760 4687 835 4773 ipso
859 4687 1030 4754 solarium
1054 4707 1212 4774 supranu
1237 4688 1279 4754 dc
1304 4687 1381 4774 ipsa
1404 4706 1488 4754 casa
1522 4687 1569 4754 da
1596 4691 1699 4774 parte
1721 4686 1933 4769 occidentis.
1968 4687 2148 4773 Simulque
2179 4692 2216 4755 et
2246 4689 2435 4756 dibidimus

571 4841 646 4926 ipso
669 4841 860 4907 lratodcum
886 4843 928 4908 de
954 4842 1033 4928 ipsa
1057 4859 1142 4909 casa
1164 4859 1334 4928 suprana,
1360 4847 1396 4910 et
1420 4843 1567 4908 fecimus
1590 4843 1721 4909 exinde
1736 4842 1804 4909 due
1827 4842 1914 4908 sorti
1929 4861 1995 4928 par
2010 4843 2148 4928 equalis
2164 4862 2343 4912 mensura:
2363 4864 2435 4910 una

572 4991 719 5062 lecimus
743 4993 781 5058 in
804 5004 907 5079 parto
931 4994 1125 5061 occidentis
1148 4997 1184 5061 et
1207 4995 1281 5062 alia
1305 4995 1400 5062 socia
1417 4994 1563 5061 lecimus
1580 4996 1618 5061 at
1633 4997 1736 5080 parte
1762 4993 1910 5060 orientis
1933 4995 2161 5063 coniunctum
2176 4999 2214 5062 at
2230 4995 2304 5081 ipso
2320 5017 2432 5072 muro,

571 5147 632 5232 qui
655 5151 708 5212 est
731 5147 826 5213 inter
849 5147 923 5233 ipse
956 5167 1049 5224 caso,
1082 5149 1174 5215 undo
1203 5149 1302 5234 prius
1336 5148 1572 5234 compreensit
1600 5167 1666 5232 ego
1696 5148 1784 5214 lidto
1808 5149 1854 5215 da
1885 5152 1988 5235 parte
2019 5149 2211 5215 occidentis
2239 5168 2328 5234 erga
2355 5151 2434 5236 ipsa

570 5302 711 5385 platea,
737 5301 869 5386 etipse
894 5320 1051 5368 Sesamus
1076 5301 1312 5388 compreensit
1335 5303 1413 5389 ipsa
1436 5301 1531 5368 socia
1554 5301 1600 5368 da
1623 5304 1725 5388 parte
1748 5301 1896 5368 orientis
1919 5303 2146 5369 coniunctum
2170 5303 2214 5369 ad
2238 5303 2313 5388 ipso
2328 5323 2433 5370 muro

570 5457 606 5518 ot
629 5473 725 5531 casa,
752 5455 843 5540 (prod
867 5457 1030 5542 superius
1054 5457 1138 5525 illut
1161 5457 1409 5543 conrproensit.
1436 5459 1483 5524 Ec
1507 5458 1632 5534 sortes,
1659 5455 1814 5542 qualiter
1837 5456 1999 5541 superius
2014 5457 2160 5523 fecimus
2175 5461 2212 5523 et
2227 5476 2290 5543 per
2304 5461 2423 5544 partes

573 5609 883 5694 ‹uurrpreensinms,
903 5631 984 5676 curn
999 5611 1119 5678 omnia
1143 5611 1239 5678 infra
1262 5629 1299 5676 so
1323 5613 1469 5678 abentcs
1493 5613 1529 5675 et
1552 5629 1633 5676 curn
1657 5609 1733 5676 bice
1756 5609 1799 5676 de
1822 5610 1940 5696 platee
1964 5611 2026 5676 het
2048 5611 2171 5678 andita
2194 5629 2259 5679 sua
2290 5615 2427 5680 etcum

570 5763 665 5828 (linui
689 5782 754 5830 sua
778 5765 997 5848 pertinentia
1031 5765 1271 5852 unusquisque
1302 5783 1364 5831 suc
1395 5765 1561 5832 sortionis
1585 5765 1777 5841 abendum,
1803 5764 2075 5841 dominandum,
2109 5764 2367 5852 possidendum,
2391 5769 2427 5830 et
