5372 7106
601 459 673 534 990
1231 438 1411 518 cohux
1456 433 1710 512 OAVENSIS

553 658 643 726 dant
666 653 775 723 tacite
798 652 835 718 et
858 649 984 714 baone.
1010 646 1047 712 et
1070 639 1194 710 taliter
1216 633 1361 706 scribsit
1383 653 1449 722 ego
1472 631 1601 702 landus
1623 626 1801 717 presbiter
1824 627 1861 693 et
1884 620 2057 692 notarius.
2083 616 2203 686 actum
2226 608 2347 679 cilento
2367 616 2399 681 et

553 807 715 880 interfui.

598 963 627 1054 †
650 963 759 1050 Singu
784 975 895 1026 manu
917 952 1036 1044 pando
1059 945 1233 1038 gastaldi.

600 1113 629 1207 †
652 1113 762 1200 Singu
786 1107 921 1195 godini.

1331 1504 1641 1590 MCCXXV

1334 1757 1398 1832 A.
1427 1754 1487 1830 D.
1518 1752 1643 1829 1056

606 2041 872 2114 summarium:
885 2029 1153 2112 Quintodecimo
1165 2045 1259 2094 anno
1271 2021 1497 2112 principatus
1508 2018 1685 2106 Gisuiphi,
1700 2035 1823 2086 mense
1833 2015 1977 2094 Martio,
1991 2033 2086 2082 nona
2104 2011 2316 2084 indictione.
2330 2013 2416 2082 Ante

561 2195 794 2266 Romoaldum
818 2189 974 2258 iudicem
991 2183 1201 2254 Sicescolfus
1223 2136 1515 2265 diiusquondam
1532 2173 1697 2241 sicenolii
1712 2192 1759 2240 ex
1784 2189 1855 2240 una
1871 2172 1971 2260 parte
1987 2172 2024 2238 et
2039 2167 2228 2236 Dautsrius
2252 2169 2291 2234 et
2304 2161 2418 2235 Lando

561 2371 607 2424 ex
631 2351 706 2418 alia
728 2343 949 2416 conveniunt
972 2341 1069 2410 inter
1092 2354 1130 2404 se
1153 2334 1254 2402 circa
1276 2329 1487 2398 divisionem
1511 2329 1683 2394 bonorum
1699 2326 1744 2394 de
1759 2325 2024 2408 zmonwaaea,
2042 2323 2104 2390 ubi
2128 2321 2264 2390 Stoica
2279 2319 2420 2396 dicitur,

605 2501 816 2576 Romoaidus
840 2495 1003 2566 notarius
1025 2494 1092 2561 hoo
1115 2485 1397 2556 instrumentum
1421 2479 1604 2548 exaravit.

1302 2895 1637 2981 MCCXXVI

1337 3144 1384 3218 A
1414 3140 1471 3216 D.
1500 3141 1626 3218 1056
1672 3149 1674 3154 '

576 3497 578 3502 Ι
611 3403 639 3494 †
662 3405 701 3470 ln
726 3401 867 3470 nomine
889 3401 1026 3474 domini
1050 3405 1313 3494 quintodecimo
1336 3425 1433 3476 anno
1454 3405 1679 3494 principatus
1702 3404 1825 3476 domni
1847 3405 1963 3474 nostri
1980 3402 2143 3492 gisulphi
2167 3402 2328 3488 gloriosi
2343 3401 2439 3492 prin-

568 3557 670 3648 cipis,
697 3574 817 3624 mense
840 3557 964 3644 aprili,
990 3575 1084 3626 nona
1106 3557 1314 3628 indictione.
1347 3562 1441 3628 Ante
1464 3579 1520 3630 me
1544 3561 1770 3630 romoaldum
1793 3559 1949 3630 iudicem
1972 3558 2182 3626 dumnellus
2205 3557 2313 3629 iliius
2337 3577 2445 3646 quon-

569 3714 651 3783 dam
676 3712 835 3800 iaquinti
859 3712 921 3800 qui
945 3713 1014 3782 luit
1039 3713 1213 3792 notarius,
1239 3714 1455 3784 coniunctus
1475 3717 1530 3783 est
1552 3735 1633 3784 cum
1657 3717 1761 3784 leone
1784 3715 1858 3783 tilio
1895 3714 2075 3804 quondam
2097 3713 2250 3792 stefani,
2294 3713 2344 3781 nt
2368 3711 2443 3799 ipse

571 3867 774 3975 domnellus
814 3867 1056 3947 clarificavit,
1106 3871 1146 3936 ut
1169 3869 1254 3938 estii
1281 3917 1625 3946 ..........
1650 3874 1687 3940 et
1709 3870 1817 3940 lando
1855 3869 2022 3958 germani
2058 3868 2127 3940 iiiii
2163 3867 2356 3958 quondam
2392 3867 2444 3954 gi-

573 4023 696 4134 sulphi
719 4021 858 4090 comitis
897 4023 1193 4112 comprehensam
1217 4023 1386 4091 habuisse
1425 4023 1464 4093 in
1501 4025 1599 4093 sorte
1633 4043 1656 4096 a
1689 4025 1868 4112 guaiferio
1891 4027 1929 4092 et
1950 4022 2110 4092 landolio
2138 4021 2336 4108 germanis
2374 4021 2447 4088 suis

575 4175 758 4264 integram
787 4181 924 4246 terram
963 4195 1143 4256 vacuam,
1187 4196 1294 4266 quam
1331 4178 1407 4265 ipse
1444 4178 1586 4266 genitor
1623 4197 1747 4248 eorum
1781 4179 1911 4248 habuit
1947 4177 2048 4246 intra
2087 4179 2182 4244 hanc
2222 4176 2447 4260 ciuitatem,

575 4333 700 4418 supter
726 4337 761 4398 et
800 4347 910 4418 prope
947 4330 1135 4402 ecclesiam
1173 4331 1289 4399 sancti
1326 4329 1504 4410 maximi,
1546 4349 1614 4422 que
1652 4333 1707 4402 esi
1743 4349 1808 4420 per
1844 4331 1960 4404 fines:
1995 4333 2045 4416 A,
2068 4331 2172 4418 parte
2211 4327 2378 4412 meridie
2414 4329 2453 4396 ii-

575 4502 620 4554 ne
645 4485 779 4572 platea:
820 4485 978 4572 Aparte
1001 4483 1196 4554 occidentis
1219 4489 1274 4552 est
1296 4483 1378 4552 linis
1401 4485 1565 4574 anditum
1587 4486 1833 4576 suprascripte
1870 4483 2020 4555 ecclesie
2045 4483 2165 4552 sancti
2194 4480 2393 4560 maximi3
2432 4498 2455 4550 a

576 4791 712 4898 laidffi
728 4793 789 4880 qui
805 4794 1076 4880 cognominatus
1091 4797 1145 4862 est
1160 4794 1342 4862 malanoct
1367 4845 1375 4860 .
1393 4791 1449 4870 Et,
1467 4795 1558 4862 sicut
1581 4793 1649 4880 ipsi
1665 4792 1845 4860 dumnello
1868 4809 2067 4878 congruum
2086 4791 2167 4868 suit,
2185 4809 2260 4859 sua
2285 4790 2457 4858 voiunta-

576 4947 625 5024 te,
639 4965 714 5057 'per
737 4949 830 5014 hanc
853 4947 1032 5016 cartulam
1055 4945 1288 5020 venumdedit
1309 4945 1379 5034 ipsi
1401 4946 1497 5016 leoni
1520 4947 1563 5016 de
1586 4948 1774 5034 portione,
1806 4965 1915 5036 quam
1938 4947 2013 5033 ipse
2036 4945 2145 5014 lando
2168 4945 2313 5016 habuit
2338 4945 2375 5012 in
2400 4961 2457 5010 su·

577 5098 783 5188 prescripta
806 5101 917 5176 terra,
943 5117 1007 5186 per
1029 5099 1296 5188 suprascriptas
1318 5098 1418 5176 iines,
1436 5118 1501 5185 per
1523 5100 1611 5166 fines
1633 5104 1670 5168 et
1693 5118 1878 5168 mensuras
1901 5101 1994 5170 iusto
2018 5098 2106 5186 pede
2131 5117 2271 5166 manus
2297 5097 2460 5168 hominis

579 5252 815 5318 mensuratas.
843 5251 873 5315 A
897 5253 1001 5338 parte
1024 5248 1175 5320 meridie
1198 5252 1253 5318 est
1274 5249 1356 5318 linis
1379 5249 1458 5338 ipsa
1482 5254 1618 5339 platea,
1644 5255 1681 5320 et
1703 5252 1811 5344 pedes
1842 5253 1975 5322 decem:
2001 5271 2023 5320 a
2047 5254 2153 5338 parte
2175 5252 2463 5338 septemtrionis

579 5403 686 5492 pedes
708 5402 842 5471 decem.
869 5405 914 5470 Et
936 5422 1000 5490 per
1016 5405 1282 5491 longitudinem
1306 5406 1352 5472 ab
1375 5405 1454 5492 ipsa
1470 5405 1592 5494 platea
1614 5406 1654 5474 in
1677 5407 1757 5494 ipsa
1779 5409 1884 5494 parte
1907 5403 2172 5493 septemtrionis
2196 5405 2244 5473 in
2262 5406 2373 5514 omni
2388 5407 2465 5472 loco

581 5557 689 5650 pedes
712 5557 833 5626 decem
856 5562 893 5625 et
915 5563 1048 5648 septem
1072 5559 1108 5627 in
1131 5555 1297 5629 omnihus
1321 5579 1390 5648 que
1414 5561 1514 5629 intra
1533 5562 1649 5648 ipsam
1662 5566 1797 5630 terram
1821 5581 1885 5649 per
1902 5560 2167 5648 suprascriptas
2189 5561 2296 5632 fines
2314 5563 2356 5630 et
2371 5577 2468 5630 men-

580 5731 687 5818 suras
710 5714 808 5791 sunt,
834 5713 1046 5800 cunctisque
1069 5713 1147 5782 eius
1170 5714 1412 5802 pertinentiis,
1438 5719 1474 5783 et
1498 5735 1579 5785 cum
1603 5721 1682 5790 rice
1705 5717 1749 5785 de
1772 5717 1851 5804 ipsa
1874 5717 2009 5804 platea.
2035 5720 2088 5785 Ea
2110 5713 2278 5796 ratione,
2308 5719 2355 5788 ut
2377 5733 2469 5786 sem·
