5372 7106
963 527 1046 606 DE
1088 527 1469 608 LAPID'IBUS
2043 537 2093 611 21

284 730 384 796 tibus
404 732 441 796 et
465 730 662 798 infantibus
685 747 729 797 ue
753 730 914 796 timeant.
939 729 1085 798 Resistit
1108 735 1226 800 autem
1248 735 1287 799 et
1311 734 1430 800 morbo
1455 730 1555 818 regio
1579 733 1744 819 portatus
1774 734 1840 802 aut
1862 731 2037 804 contritus
2052 751 2146 800 cum

288 885 371 954 vino
393 888 431 953 et
452 888 604 972 putatus.

334 1039 437 1126 Lapis
460 1041 642 1128 Daphuich
667 1040 729 1128 (1).
754 1040 943 1128 Daphnich‘
962 1041 1054 1128 lapis
1076 1041 1165 1111 lacit
1187 1042 1230 1110 ed
1253 1041 1479 1129 limphaticus
1502 1045 1539 1110 et
1564 1041 1609 1110 ad
1634 1043 1853 1111 demoniosos
1885 1045 1924 1112 et
1944 1044 1991 1112 ad
2014 1060 2146 1131 super·

287 1194 461 1263 lusionem
489 1195 542 1280 (2)
564 1194 750 1283 sanguinis
772 1196 829 1264 vel
852 1196 897 1264 ad
920 1194 1107 1286 idropicus.

335 1351 442 1436 Lapis
466 1338 716 1420 Chercedonio.
741 1350 978 1421 Gbarcedonio
1001 1351 1093 1438 lapis
1115 1353 1281 1438 pertusus
1304 1352 1341 1420 et
1363 1352 1509 1438 aptatus
1532 1353 1627 1418 ferro
1651 1351 1714 1434 (3).
1729 1351 1790 1436 qui
1813 1369 1895 1418 eum
1921 1352 2042 1437 portat
2067 1348 2144 1420 viu-

284 1504 336 1573 cit
351 1523 476 1572 causa.

335 1657 442 1745 Lapis
463 1657 674 1746 galactiten.
699 1659 902 1728 Galactiten
925 1662 976 1746 (4)
999 1660 1092 1747 lapis
1115 1663 1209 1730 huuc
1226 1658 1371 1752 quidam
1395 1662 1524 1728 vocant
1541 1659 1744 1726 enachiten.
1771 1659 1886 1730 Alteri
1903 1661 2025 1728 autem
2042 1660 2144 1728 leuen

287 1814 496 1902 graphiten.
523 1813 596 1882 Alii
620 1814 783 1902 Egyptiis
806 1814 989 1914 maragdo.
1015 1815 1088 1882 Alii
1111 1814 1314 1900 galbatiteu
1338 1813 1463 1881 dicunt
1485 1813 1582 1900 magi
1606 1820 1644 1881 et
1659 1814 1804 1901 Egyptii
1828 1815 2026 1898 syneciteu.
2054 1815 2143 1882 (lou-

287 1969 411 2037 tinent
432 1968 525 2035 enim
548 1969 584 2036 in
606 1985 644 2036 se
667 1967 788 2035 omnia
810 1987 879 2055 que
901 1968 1136 2037 destinaveris
1159 1971 1255 2038 solus
1279 1968 1438 2038 omnium
1463 1965 1633 2056 lapidum.
1675 1969 1742 2037 Sed
1777 1973 1927 2039 ostaneu
1962 1971 2138 2058 magister

285 2140 476 2207 magorum
499 2120 657 2189 omnium
681 2121 878 2208 appellavit
899 2141 980 2190 eum
1003 2140 1110 2209 super
1132 2123 1250 2191 omnia
1273 2081 1443 2192 vocabula
1463 2123 1680 2210 lithargum.
1718 2121 1821 2210 quasi
1863 2122 2019 2190 omnium
2055 2123 2144 2191 obli·

284 2275 426 2344 viouem
451 2277 638 2370 malorum.
665 2277 753 2344 lacit
775 2276 869 2344 enim
894 2277 949 2362 (5)·
966 2280 1003 2344 et
1022 2277 1166 2344 utilium
1190 2271 1429 2364 negotiorum.
1470 2275 1645 2345 Laudavit
1681 2296 1762 2345 euru
1798 2278 1983 2364 tamquam
2018 2277 2142 2344 nullus

285 2429 381 2500 alius
404 2431 540 2497 stantes
563 2429 612 2516 (6)
635 2429 729 2496 vires
753 2430 874 2496 habet.
899 2430 975 2499 Non
990 2430 1086 2498 euim
1104 2378 1314 2498 exauditum
1338 2448 1419 2498 eum
1446 2431 1561 2516 magis
1584 2431 1827 2516 exscriptore
1853 2429 1975 2498 mirati
1990 2433 2075 2498 suut
2092 2431 2142 2518 (7)

282 2589 322 2653 et
346 2582 487 2671 experti
509 2583 606 2650 omni
629 2584 771 2670 magica
793 2583 945 2650 actione.
971 2583 1089 2650 Solum
1114 2586 1209 2651 huuc
1234 2583 1391 2670 lapidem
1414 2585 1698 2652 efficacissimum
1718 2584 1880 2651 omnium
1904 2586 2142 2670 repertumst

284 2737 568 2824 potentissimum
592 2737 763 2806 extremis
785 2735 950 2806 laudibus
973 2738 1246 2806 decoraverunt.
1290 2739 1334 2806 Et
1357 2735 1431 2825 ipse
1454 2741 1672 2806 memoratus
1707 2739 1907 2824 galactiten
1940 2737 2074 2807 dicitur
2099 2754 2141 2804 eo

284 2891 380 2976 quud
406 2890 617 2958 mulieribus
639 2893 733 2959 lacte
756 2889 1004 2960 deficientibus
1027 2892 1114 2960 facit
1136 2891 1333 2960 abundare.
1356 2891 1480 2958 Facies
1505 2894 1624 2957 autem
1648 2891 1712 2958 sic.
1741 2893 1884 2958 iuvetur
1909 2891 1949 2973 (l.
1972 2891 2145 2975 jybetnr)

282 3048 417 3118 mulier
438 3047 617 3135 Jejunare.
642 3046 769 3114 deinde
794 3045 988 3114 contritum
1012 3043 1168 3132 lapidem
1191 3045 1255 3113 das
1278 3064 1358 3112 eum
1383 3047 1433 3130 (8)
1457 3061 1538 3112 euru
1563 3044 1680 3112 mulsa
1702 3044 1759 3112 vel
1784 3063 1883 3131 passo
1906 3045 1965 3112 vel
1995 3062 2090 3131 aqua
2105 3047 2143 3111 et

286 3200 391 3268 bibat
412 3197 642 3266 sufficienter.
667 3199 704 3265 et
727 3196 895 3265 contiuuo
917 3197 1065 3266 hebebit
1086 3196 1282 3284 plurimum
1306 3200 1344 3265 et
1365 3197 1537 3285 optimum
1561 3199 1706 3266 lactem.
1747 3201 1791 3265 nt
1828 3199 1859 3266 si
1886 3217 1957 3267 non
1985 3198 2144 3267 voluerit

284 3352 409 3423 bibere
432 3352 553 3440 accipe
576 3353 696 3421 lanam
719 3351 795 3420 ovis
817 3351 966 3439 gravide
988 3353 1026 3419 et
1049 3353 1146 3420 sacta
1169 3350 1283 3420 aciem
1308 3353 1358 3436 (9)
1398 3353 1573 3438 pertunde
1596 3353 1777 3440 lapidem,
1814 3356 1850 3421 et
1886 3353 2018 3441 ligabis
2042 3353 2141 3424 circa

282 3511 414 3578 collum
438 3509 516 3595 ejus
538 3513 575 3576 et
597 3509 649 3578 sie
672 3509 750 3577 fluit
772 3510 915 3577 lactem.
952 3507 1065 3593 Super
1088 3505 1240 3574 ovilibus
1264 3508 1384 3574 autem
1420 3506 1514 3574 lacte
1537 3505 1781 3575 deficientibus
1805 3509 1877 3590 (10)
1913 3509 1953 3575 ut
1974 3469 2138 3578 excutias

293 3799 662 3816 ψ

300 4009 303 4025 Ι
329 4050 369 4132 (1)
393 4051 428 4113 P·
455 4074 467 4114 t
490 4049 655 4130 Daphnine
679 4070 710 4108 ι.
734 4081 776 4095 -
799 4045 838 4107 A.
865 4067 878 4101 ι
901 4043 1053 4125 Daphnea
1075 4067 1101 4104 ι.

290 4183 293 4189 ¹
326 4183 371 4280 (9)
394 4179 430 4263 Ρ.
453 4221 471 4261 e
491 4201 530 4262 A.
558 4225 570 4258 ι
595 4200 794 4262 delusionem
817 4219 844 4256 ι.
1126 4155 1134 4172 ’

323 4345 363 4426 (3)
386 4347 422 4409 Ρ.
446 4364 466 4411 e
487 4346 525 4407 Α.
553 4369 565 4402 ι
591 4344 738 4406 obtectus
760 4343 845 4403 ferro
868 4365 896 4404 r.
923 4358 928 4369 ’

324 4490 368 4570 (l)
390 4489 426 4550 P.
449 4487 501 4550 nel
522 4491 605 4548 testo
631 4513 643 4544 ι
674 4485 838 4547 Galaciten
862 4505 890 4558 »;
913 4485 945 4545 in
965 4487 1050 4545 nota:
1073 4484 1154 4544 sorte
1177 4482 1349 4544 Galactites
1375 4505 1400 4544 ι.
1425 4481 1463 4551 Α,
1485 4481 1518 4542 in
1540 4485 1626 4542 nota:
1650 4480 1682 4541 id
1703 4498 1762 4558 ego
1784 4481 1891 4561 recepi
1915 4503 1942 4540 r.

322 4633 362 4712 (5)
385 4633 422 4703 P,
444 4633 497 4694 nel
519 4635 615 4693 testo:
641 4654 653 4688 ι
679 4629 944 4691 lucitetiam.1n
964 4632 1050 4690 nota:
1075 4649 1088 4683 ι
1113 4629 1216 4688 forte:
1252 4625 1453 4702 facilitatem
1474 4624 1611 4685 utilium
1637 4623 1856 4712 negotiorum.
1892 4623 1952 4685 Sed
1975 4625 2135 4722 quisuon

280 4777 469 4840 exsibilabit
489 4775 741 4855 etymologiam?
774 4774 1010 4852 Litburpyrum
1031 4773 1115 4861 enim
1138 4771 1290 4833 scribitur
1314 4795 1327 4828 ι
1351 4791 1370 4832 a
1391 4767 1493 4841 aliea
1516 4774 1548 4830 ei
1569 4785 1716 4854 αργυρον,
1728 4768 1860 4832 minime
1888 4789 1962 4834 vero
1984 4727 2009 4830 a¹
2025 4766 2134 4851 αλὴθη.

279 4924 411 4986 obliuio.
434 4879 474 4983 Et
495 4923 570 5002 quid
591 4921 783 5001 graecanica
804 4921 916 4998 Magus
937 4918 1106 4997 assyrius?
1129 4942 1155 4977 ι.

318 5069 369 5150 (6)
391 5068 426 5130 Ρ.
451 5088 469 5129 e
491 5023 529 5130 A.
556 5091 568 5125 u
590 5071 695 5128 tantas
717 5067 803 5127 vires
823 5065 922 5126 babet
945 5088 972 5127 r.

319 5215 359 5296 (7)
383 5216 417 5277 Ρ.
445 5239 457 5272 ι
482 5215 551 5275 Non
573 5213 657 5276 enim
680 5232 719 5274 ex
741 5211 851 5274 auditu
872 5231 947 5291 eum
968 5209 1074 5290 Magi.
1112 5211 1168 5271 sed
1189 5229 1229 5272 ex
1250 5209 1536 5307 scriptura-mirati
1563 5213 1637 5269 sunt
1660 5163 1687 5270 ι.
1712 5243 1752 5254 -
1772 5209 1810 5270 A.
1838 5231 1850 5266 r
1875 5207 1944 5270 Non
1981 5164 2066 5302 enim
2089 5225 2129 5270 ex

284 5360 395 5424 auditu
416 5379 489 5421 eum
513 5359 610 5438 magi,
634 5377 674 5418 ex
695 5356 852 5438 scriptura
873 5354 980 5416 mirati
1000 5358 1074 5444 suut
1096 5377 1123 5416 ι.
1999 5313 2002 5322 ¹

321 5505 374 5586 (e)
397 5503 433 5568 Ρ.
461 5503 588 5567 «uasis
609 5501 657 5564 nn
682 5526 710 5565 ..
732 5535 773 5548 -
794 5502 832 5563 A.
860 5525 872 5558 ι
896 5499 987 5562 esen
1009 5498 1073 5561 sibi
1097 5521 1124 5560 ι.
1181 5457 1185 5464 ’

324 5651 371 5733 (9)
394 5654 431 5715 Ρ.
454 5672 472 5714 e
492 5653 531 5714 A.
558 5675 570 5708 ι
594 5651 680 5714 iacta
700 5649 769 5712 ecia
792 5671 819 5711 ι.
1296 5603 1298 5610 ¹

326 5798 396 5879 (10)
419 5798 456 5859 Ρ.
480 5816 498 5858 e
519 5799 558 5860 A.
586 5821 597 5854 ι
623 5797 649 5858 si
671 5813 746 5856 oves
767 5792 917 5855 deliciunt
937 5792 1019 5853 lacte
1043 5816 1069 5850 ι.
