5454 7104
1027 499 1439 575 DlPLOllthCUS

1137 801 1322 884 MCVI

1078 1114 1137 1190 A.
1165 1113 1222 1190 D.
1251 1114 1377 1191 1048

344 1483 372 1576 †
397 1487 435 1553 lu
459 1487 600 1553 nomine
623 1487 757 1554 domini
782 1487 960 1557 tricesimo
984 1489 1098 1576 primo
1121 1509 1215 1556 anno
1239 1487 1462 1576 principatus
1500 1489 1620 1557 domni
1645 1491 1765 1558 nostri·
1780 1491 1973 1576 guaimarii
2012 1493 2157 1579 gloriosi

288 1641 485 1728 -prinoipis,
511 1644 556 1708 Et
578 1642 712 1709 decimo
736 1661 829 1709 anno
853 1641 1003 1711 ducatus
1026 1643 1101 1710 eius
1122 1643 1243 1709 amalfi
1266 1645 1303 1708 et
1325 1641 1488 1720 sirrenti,
1520 1645 1564 1710 Et
1586 1645 1736 1731 septimo
1760 1665 1854 1714 anno
1878 1646 2099 1734 principatus
2122 1651 2158 1714 et

293 1793 457 1882 ipsorum
481 1795 675 1864 ducatuum
698 1795 817 1863 domni
841 1796 960 1882 gisulfi
983 1795 1109 1862 eximii
1130 1795 1303 1882 principis
1327 1800 1363 1863 et
1386 1797 1486 1866 ducis
1510 1799 1578 1866 filii
1601 1800 1690 1876 eius,
1716 1819 1837 1868 mense
1860 1803 2018 1879 octuber,
2036 1821 2160 1870 secun-

296 1950 344 2018 da
367 1948 573 2018 indictione.
598 1951 889 2018 Memoratorium
913 1953 1047 2018 sactum
1071 1971 1093 2018 a
1117 1951 1216 2018 uobis
1240 1953 1392 2019 amando
1415 1953 1490 2025 filio
1515 1955 1696 2041 quondam
1731 1955 1897 2024 iohannis
1931 1958 1974 2024 de
2007 1958 2084 2024 loco
2108 1955 2160 2024 bi-'

294 2106 400 2174 neale
425 2110 461 2173 et
484 2105 714 2192 lodelgardus
736 2107 831 2174 tilius
854 2107 1031 2193 quondam
1055 2106 1198 2192 rigale,
1237 2110 1320 2174 ante
1344 2108 1526 2194 presentia
1551 2108 1734 2176 Ademarii
1758 2111 1878 2177 comiti
1902 2115 1938 2177 et
1961 2110 2071 2180 iudici
2094 2133 2157 2200 per

293 2261 559 2328 combenientia
579 2260 789 2329 tradidimus
812 2261 960 2348 guidoni
983 2264 1019 2327 et
1041 2261 1207 2329 iohannis
1230 2263 1396 2346 germani
1419 2261 1484 2330 tilii
1511 2263 1691 2350 quondam
1727 2263 1874 2331 iohanni
1899 2265 2062 2333 lnclitam
2085 2287 2156 2333 me-

291 2415 462 2482 dietatem
487 2416 529 2482 de
553 2419 628 2482 tota
651 2418 751 2483 terra
773 2435 853 2482 cum
877 2435 961 2483 casa
984 2415 1137 2482 frabrita
1160 2419 1333 2492 salarata
1353 2417 1445 2504 quod
1469 2435 1532 2484 nos
1555 2419 1591 2484 et
1613 2417 1680 2504 ipsi
1704 2419 1868 2504 germani
1884 2423 2030 2489 abemus
2058 2421 2154 2488 intus

291 2591 361 2639 anc
385 2571 642 2638 salernitanam
667 2571 849 2639 civitatem
874 2589 896 2637 a
918 2589 1025 2657 super
1048 2571 1170 2658 platea
1194 2591 1262 2658 que
1286 2572 1407 2658 pergit
1430 2572 1474 2638 ad
1499 2573 1639 2658 portam
1664 2576 1832 2650 rotense,
1869 2576 1905 2639 et
1928 2595 1950 2642 a
1973 2584 2076 2662 parta
2098 2597 2154 2643 oc-

290 2727 442 2794 cidentis
465 2723 653 2794 coniuncta
676 2730 730 2792 est
752 2726 830 2813 ipsa
853 2728 952 2792 terra
975 2745 1056 2793 cum
1080 2745 1164 2794 oasa
1187 2727 1232 2794 ad
1256 2727 1330 2793 alia
1353 2729 1501 2813 platea,
1528 2731 1564 2793 et
1587 2727 1629 2794 de
1653 2727 1767 2814 ipsam
1790 2729 2017 2798 medietatem
2043 2731 2151 2798 michi

291 2879 483 2950 iamdictus
506 2879 734 2965 lodelgardus
757 2879 911 2964 pertinet
934 2880 1002 2946 due
1026 2879 1144 2956 sortis,
1163 2882 1199 2946 ot
1222 2879 1331 2946 michi
1355 2879 1547 2947 iamdictus
1572 2880 1719 2948 amandi
1744 2881 1787 2948 de
1804 2881 1884 2968 ipsa
1907 2883 2096 2951 medietate
2112 2885 2155 2952 de

293 3033 455 3120 predicta
479 3037 577 3100 terra
593 3051 673 3098 oum
698 3051 782 3100 oasa
805 3033 961 3119 partinet
976 3033 1123 3100 tertiam
1146 3036 1299 3120 partem,
1326 3035 1466 3120 reliqua
1490 3054 1573 3101 vero
1591 3035 1783 3102 medietate
1808 3036 1851 3102 de
1868 3039 1943 3103 tota
1967 3036 2041 3124 ipsa
2056 3041 2155 3105 terra

289 3208 370 3254 cum
393 3205 477 3255 casa
500 3190 554 3254 est
575 3187 795 3274 pertinentes
818 3189 974 3275 ipsorum
998 3187 1145 3274 guidoni
1168 3190 1205 3255 et
1227 3189 1387 3256 iohanni.
1415 3183 1460 3256 ln
1477 3208 1518 3255 oc
1542 3187 1690 3256 hordine
1714 3189 1792 3276 ipsa
1814 3189 2004 3257 medietate
2029 3195 2151 3258 nostra

291 3340 336 3408 de
360 3340 438 3428 ipsa
461 3361 545 3410 oasa
567 3342 724 3429 ipsorum
748 3342 895 3428 guidoni
928 3346 965 3409 et
987 3341 1153 3412 iohannis
1187 3343 1428 3421 tradidimus,
1466 3341 1622 3429 qualiter
1645 3342 1808 3410 conciata
1838 3346 1874 3409 et
1897 3343 2061 3412 edificata
2083 3349 2149 3422 est,

291 3499 332 3562 ut
355 3497 479 3564 amodo
503 3501 540 3564 et
564 3517 674 3585 usque
698 3500 867 3584 quattuor
890 3496 977 3565 anni
1000 3497 1178 3585 completi,
1195 3497 1240 3565 ad
1264 3497 1338 3565 illis
1362 3498 1467 3564 etad
1491 3498 1636 3565 illorum
1660 3500 1850 3568 heredibus
1874 3500 1947 3567 sint
1969 3477 2154 3588 potestatis

292 3650 395 3718 illam
420 3655 542 3718 tenere
565 3655 602 3717 et
624 3651 835 3728 dominare,
861 3653 959 3718 fovee
983 3654 1019 3718 et
1041 3651 1156 3718 omnis
1179 3651 1324 3718 illorum
1349 3651 1517 3720 utilitatis
1540 3653 1635 3720 iusta
1659 3654 1840 3721 rationem
1863 3653 1994 3721 ibidem
2018 3657 2148 3732 tacere,

301 3811 337 3874 et
360 3808 501 3882 ibidem,
514 3807 671 3874 residere
695 3809 731 3872 et
754 3802 893 3874 abitare
916 3825 997 3873 cum
1020 3805 1196 3874 ominibus
1219 3806 1392 3886 illorum,
1428 3812 1464 3874 et
1487 3811 1532 3877 ad
1557 3809 1784 3887 residendum
1808 3810 1895 3877 dare
1918 3809 1976 3878 oui
1999 3811 2153 3878 boluerit

290 3961 387 4029 iusta
410 3963 577 4038 ratione,
614 3966 650 4028 et
673 3965 846 4049 quantum
870 3963 1015 4050 prodam
1039 3967 1075 4028 et
1098 3982 1241 4031 censum
1265 3963 1348 4030 inde
1372 3965 1500 4032 tollere
1524 3965 1707 4052 potuerit,
1744 3969 1858 4032 totum
1881 3965 1965 4033 illut
1987 3965 2060 4034 illis
2083 3965 2151 4033 sivi

288 4117 423 4192 abere,
464 4118 500 4181 et
525 4133 590 4202 per
613 4096 728 4182 omnis¹
751 4135 886 4184 annum
909 4117 996 4184 dare
1020 4118 1119 4184 nobis
1143 4136 1288 4184 censum
1310 4139 1375 4205 pro
1399 4118 1477 4205 ipsa
1501 4119 1707 4185 traditione:
1749 4122 1787 4186 In
1811 4119 2004 4188 festivitate
2027 4124 2149 4187 sancte

292 4272 406 4338 marie
429 4273 472 4338 de
496 4290 617 4338 mense
640 4273 840 4358 september
864 4271 1020 4358 quinque
1044 4273 1116 4339 tari
1132 4273 1214 4340 boni
1238 4275 1274 4340 et
1297 4274 1454 4340 medium
1477 4277 1517 4340 ut
1540 4293 1604 4360 per
1619 4279 1728 4360 caput
1751 4275 1896 4352 badant;
1908 4278 1953 4344 ad
1975 4279 2147 4364 completo
2259 4295 2261 4300 ·

285 4422 361 4510 ipso
387 4426 579 4493 constituto
604 4427 713 4493 liceat
736 4425 809 4492 illis
832 4425 875 4492 de
898 4427 977 4512 ipsa
1000 4426 1191 4493 medietate
1215 4426 1258 4493 de
1282 4427 1359 4514 ipsa
1383 4432 1484 4495 terra
1518 4449 1598 4495 cum
1622 4448 1706 4496 oasa
1729 4432 1765 4496 ot
1788 4431 1932 4498 illorum
1959 4419 2148 4499 heredibus

285 4585 453 4679 ercutere
475 4582 590 4649 omnis
614 4583 757 4649 illorum
781 4583 938 4660 mobile,
976 4587 1012 4651 et
1035 4587 1198 4670 portaret
1220 4586 1303 4652 illut
1327 4587 1371 4653 ad
1396 4586 1475 4672 ipsa
1498 4587 1642 4653 illorum
1666 4586 1857 4652 medietate
1881 4587 1924 4653 de
1947 4587 2025 4674 ipsa
2049 4594 2148 4655 terra

286 4757 370 4804 eum
395 4756 479 4804 casa
503 4757 564 4806 seu
589 4739 649 4806 ubi
672 4739 854 4817 boluerit,
879 4740 956 4806 sine
980 4739 1233 4827 cuiuscumque
1257 4741 1513 4809 contrarietate
1533 4767 1541 4819 3
1567 4745 1604 4809 et
1627 4742 1753 4810 inolita
1777 4743 1854 4830 ipsa
1879 4726 2080 4810 traditione
2094 4764 2148 4811 re-

291 4893 441 4960 mittant
464 4895 508 4962 ad
533 4899 691 4962 nostram
715 4897 922 4982 potestatem
946 4896 1047 4962 salba
1070 4895 1166 4962 iusta
1189 4895 1330 4963 ratione
1354 4895 1555 4963 iaciendum
1582 4897 1663 4964 inde
1686 4898 1832 4973 omnia,
1870 4899 1961 4984 quod
1999 4900 2148 4967 volueri-

288 5067 393 5124 mus;
433 5051 470 5114 et
493 5049 523 5115 si
547 5049 763 5115 voluerimus
787 5051 831 5117 ad
856 5050 1082 5118 residendum
1107 5049 1207 5116 illam
1231 5049 1353 5116 demus
1377 5048 1435 5117 cui
1458 5050 1687 5118 boluerimus.
1713 5053 1875 5129 Tantum,
1900 5047 1929 5118 si
1953 5051 2144 5138 aliquando

286 5171 446 5286 tempore
469 5219 532 5267 nos
556 5203 592 5267 et
615 5202 744 5269 nostris
768 5204 944 5282 enodibus,
963 5205 1087 5272 amodo
1110 5205 1188 5290 ipsa
1213 5203 1403 5300 medietate
1427 5204 1469 5270 de
1493 5205 1571 5290 ipsa
1594 5207 1694 5271 terra
1717 5225 1796 5272 cum
1820 5224 1904 5272 casa
1927 5208 1983 5272 vel
2007 5225 2051 5274 ex
2069 5206 2145 5294 ipsa

286 5355 419 5423 datura
442 5357 505 5421 aut
529 5355 747 5426 bindituram
772 5361 1013 5436 habuerimus
1030 5380 1099 5428 non
1122 5361 1316 5428 habeamus
1340 5360 1550 5448 cuicumque
1567 5361 1632 5428 illa
1655 5362 1712 5427 vel
1727 5381 1773 5428 ex
1789 5361 1867 5447 ipsa
1883 5363 2020 5446 potesta
2042 5363 2141 5438 darc,

277 5513 345 5577 aut
366 5529 430 5596 per
453 5513 612 5598 qualibet
636 5515 779 5581 titulum
803 5513 992 5581 alienare:
1028 5515 1244 5582 solummodo
1269 5516 1426 5600 ipsorum
1450 5516 1614 5602 germani
1647 5518 1683 5580 et
1706 5515 1751 5581 ad
1775 5516 1921 5583 illorum
1945 5515 2138 5582 heredibus

285 5665 394 5733 illam
417 5667 539 5734 demus
563 5668 608 5735 ad
632 5666 723 5735 iusto
742 5667 895 5735 baliente
919 5667 1172 5757 pretiumque
1196 5671 1290 5737 iuste
1315 5670 1424 5738 suerit
1447 5671 1667 5758 appretiatos
1690 5689 1753 5758 per
1768 5672 1946 5757 sapientes
1969 5669 2140 5748 homines:

295 5824 334 5889 et
357 5822 528 5890 iaciemus
551 5825 624 5891 illis
648 5823 731 5894 inde
754 5823 845 5890 scire
869 5843 933 5911 pro
956 5824 1039 5918 tuot
1054 5825 1240 5891 emendum
1266 5843 1329 5909 per
1355 5823 1460 5896 tertio
1484 5825 1717 5892 constitutum
1741 5827 1784 5893 de
1800 5809 1987 5892 duodecim
2007 5825 2043 5892 in
2067 5828 2150 5894 duo-
