5372 7106
600 409 670 490 302
1232 403 1413 480 OODEX
1438 405 1717 482 neveruis

551 621 636 674 rare
658 607 696 672 et
718 603 896 671 seminare
917 603 1063 681 bonum,
1087 601 1181 670 sicut
1205 601 1404 681 meruerit,
1429 604 1466 670 et
1488 599 1604 670 labori
1626 598 1696 688 ipsi,
1712 601 1871 671 studiere
1893 602 1996 682 boni,
2020 601 2115 670 sicut
2136 600 2335 681 meruerit,
2360 605 2401 672 et

551 757 754 845 peremnis
777 776 911 856 anuum
927 756 1071 826 ¹iaciant
1092 755 1167 825 illis
1190 776 1247 824 me
1271 757 1329 822 vel
1351 773 1436 844 pars
1459 754 1619 844 predicte
1640 757 1790 826 ecclesie
1818 756 1933 833 scire,
1975 757 2015 823 ut
2037 754 2234 842 dirigamus
2257 753 2402 824 missum

552 915 740 990 nostrum,
784 915 822 980 et
845 913 918 980 illis
941 917 1024 982 ante
1047 913 1122 998 ipso
1148 914 1294 980 missum
1317 909 1434 980 labori
1458 909 1527 998 ipsi
1550 910 1721 988 mittere,
1750 912 1787 978 et
1808 909 1928 997 ibique
1950 907 1996 978 ad
2020 908 2100 977 aira
2121 907 2212 978 illud
2235 907 2406 977 triturare

550 1067 635 1133 ante
657 1066 733 1152 ipso
756 1067 914 1145 missum,
940 1069 977 1136 et
999 1067 1164 1136 conciare
1188 1069 1332 1146 bonum,
1356 1065 1450 1136 sicut
1487 1065 1671 1145 meruerit,
1697 1069 1734 1134 et
1755 1065 1871 1134 omnis
1894 1064 2040 1142 victum,
2065 1082 2173 1152 quam
2198 1063 2280 1131 inde
2303 1062 2410 1130 exie·

551 1217 612 1296 rit,
637 1179 747 1287 deant
768 1219 852 1288 inde
875 1213 949 1288 illis
973 1220 1019 1289 ad
1042 1219 1118 1308 ipso
1141 1219 1288 1288 missum
1311 1221 1492 1306 integram
1516 1223 1681 1308 quartam
1706 1221 1868 1306 partem,
1894 1219 2031 1306 relique
2054 1220 2128 1286 tres
2150 1221 2271 1304 partes
2293 1218 2405 1286 sortis

550 1371 618 1441 sibi
641 1375 784 1452 abeant,
809 1373 1011 1442 laciendum
1033 1389 1098 1461 pro
1122 1336 1314 1460 partesue
1337 1373 1471 1450 sortis,
1507 1373 1600 1461 quod
1624 1373 1789 1442 boluerit:
1815 1375 1889 1461 ipso
1920 1377 2093 1451 missum,
2126 1371 2211 1440 dum
2234 1390 2298 1458 per
2322 1371 2403 1459 ipsa

550 1527 671 1597 (ludia
695 1525 936 1616 recipiendum
958 1527 1010 1597 ibi
1033 1529 1198 1608 steterit,
1223 1528 1297 1598 illis
1320 1547 1402 1597 eum
1427 1532 1589 1605 notrire,
1612 1529 1807 1598 secundum
1830 1527 1975 1594 illorum
1998 1493 2298 1612 possibilitatem,
2323 1526 2407 1594 tau·

550 1684 627 1752 tum
651 1683 795 1771 quercie
818 1687 856 1753 et
879 1683 1024 1752 biscelle
1045 1733 1054 1762 ,
1079 1703 1149 1773 qne
1172 1684 1223 1754 ibi
1246 1683 1407 1760 fuerint,
1447 1687 1544 1752 salbe
1568 1686 1630 1754 ille
1667 1687 1811 1754 abeant.
1836 1702 1860 1751 a
1881 1682 2047 1769 completi
2069 1681 2138 1769 ipsi
2161 1683 2288 1749 nobem
2310 1678 2397 1747 anui

549 1835 665 1904 licead
687 1837 762 1904 illis
784 1837 868 1906 inde
892 1838 993 1907 exire
1016 1857 1097 1906 cum
1120 1839 1235 1908 omnis
1258 1838 1405 1906 illorum
1429 1855 1564 1916 causa,
1596 1841 1634 1906 et
1655 1837 1837 1923 integram
1859 1835 2105 1923 suprascripta
2128 1833 2324 1902 traditione
2350 1852 2409 1900 ro-

551 1991 741 2060 berterad
764 1993 939 2079 potestate
962 2011 1069 2069 mea,
1095 1994 1153 2060 vel
1191 2011 1276 2079 pars
1299 1991 1458 2080 predicte
1481 1992 1628 2060 ecclesie
1650 1991 1852 2061 faciendum
1876 2011 1945 2079 que
1969 1990 2135 2060 boluerit.
2167 1991 2205 2059 et
2227 2007 2291 2074 per
2314 2010 2410 2060 corn·
2555 2059 2557 2064 ,

551 2145 733 2214 benicntia
755 2144 889 2231 guadio
912 2145 1021 2213 michi
1044 2145 1121 2232 ipse
1144 2147 1267 2232 petrus
1290 2145 1400 2222 dedit,
1426 2148 1463 2212 et
1484 2145 1726 2214 fideiussorem
1749 2141 1857 2214 michi
1880 2147 1995 2234 posuit
2016 2145 2171 2234 seipsum
2194 2147 2231 2214 et
2254 2147 2338 2212 boso
2366 2144 2409 2211 fi-

550 2297 599 2366 lio
622 2295 769 2366 iohanni
792 2297 836 2364 de
859 2297 982 2366 eodem
1005 2297 1096 2365 loco.
1122 2300 1159 2364 et
1181 2316 1245 2383 per
1282 2298 1398 2385 ipsam
1437 2299 1603 2384 guadiam
1626 2299 1801 2386 obligavit
1823 2318 1861 2368 se
1883 2299 2019 2367 eteius
2041 2299 2190 2368 heredes
2212 2297 2270 2375 si,
2311 2298 2405 2366 sicut

550 2451 717 2539 superius
739 2453 910 2540 scriptum
935 2455 1011 2531 est,
1035 2453 1133 2522 nobis
1156 2453 1261 2522 etad
1284 2473 1369 2540 pars
1403 2453 1563 2542 predicte
1600 2455 1749 2524 ecclesie
1772 2474 1843 2524 non
1865 2455 2125 2542 adinpleberit,
2151 2459 2188 2522 et
2209 2451 2407 2542 suprascri-

551 2609 614 2693 pta
637 2607 693 2674 vel
716 2606 847 2675 exinde
871 2610 1067 2686 remobere,
1093 2609 1158 2676 aut
1180 2605 1427 2676 contradicere
1449 2607 1733 2695 presumpserit,
1768 2627 1832 2696 per
1855 2606 1969 2696 ipsam
1991 2605 2163 2695 guadiam
2188 2605 2262 2693 ipse
2286 2607 2417 2692 petrus

552 2761 787 2847 obligavitsc
809 2759 945 2828 eteius
968 2758 1092 2827 eredes
1115 2776 1326 2846 componere
1350 2758 1488 2837 michi,
1528 2759 1634 2827 etad
1656 2777 1741 2846 pars
1763 2759 1923 2866 predicte
1960 2759 2110 2830 ecclesie
2144 2759 2418 2848 quinquaginta

554 2910 636 2982 auri
658 2911 788 2980 solidos
811 2910 1041 2987 consentini,
1067 2908 1158 2997 quod
1181 2909 1308 2995 scripsi
1332 2928 1399 2997 ego
1423 2911 1626 3001 romoaldus
1649 2913 1822 2982 notarius.

601 3069 630 3160 †
654 3069 728 3154 Ego
751 3069 874 3155 petrus
897 3065 1057 3134 notarius
1081 3084 1137 3132 me
1160 3063 1367 3152 subscripsi.

600 3219 628 3314 †
653 3224 728 3307 llgo
752 3219 932 3289 landolfus
954 3219 1115 3288 notarius
1138 3236 1195 3286 me
1217 3218 1423 3305 subscripsi.
1489 3295 1503 3304 ,

1314 3443 1646 3462 m*

1298 3665 1684 3760 MCCXXXIV

1324 3913 1384 3988 A.
1412 3909 1470 3986 D.
1499 3913 1624 3990 1056

599 4173 628 4268 †
652 4177 691 4244 ln
714 4179 856 4246 nomine
878 4175 1014 4245 domini
1038 4177 1299 4266 quintodecimo
1323 4196 1418 4246 anno
1441 4178 1666 4267 principatus
1688 4179 1808 4248 domni
1832 4179 1945 4248 nostri
1968 4180 2125 4270 gisulphi
2140 4183 2287 4268 gloriosi
2309 4185 2417 4270 prin·

554 4325 655 4414 cipis,
680 4345 800 4396 mense
822 4327 1033 4408 decembris,
1058 4329 1199 4398 decima
1221 4327 1432 4400 indictione.
1459 4332 1551 4398 Ante
1575 4349 1631 4398 me
1654 4330 1887 4418 ratelgrimus
1910 4351 2028 4402 comes
2052 4335 2089 4402 et
2112 4333 2222 4403 iudex
2250 4387 2420 4405 ......

468 4525 470 4528 -
552 4438 739 4570 Ιιιιιιιιίιιῐιιι
762 4482 944 4552 castaldus
980 4481 1075 4551 illius
1098 4478 1276 4571 quondam
1299 4481 1465 4551 iohannis
1488 4484 1667 4562 castaldi,
1706 4487 1935 4556 coniunctum
1973 4490 2028 4556 est
2060 4507 2142 4558 cum
2165 4489 2297 4558 Aunito
2330 4490 2414 4560 lilio

555 4634 732 4722 quondam
755 4634 817 4703 risi
839 4634 883 4704 de
904 4634 981 4723 ipso
1004 4637 1081 4704 loco
1105 4635 1251 4715 annito,
1277 4638 1314 4703 et
1336 4635 1413 4723 ipse
1435 4637 1618 4724 iaquintus
1641 4637 1793 4707 clericus
1814 4641 1909 4708 illius
1927 4690 2233 4711 .........
2244 4693 2271 4731 ,.
2297 4663 2413 4731 quam

553 4787 648 4856 dixit
671 4805 746 4858 esse
769 4807 834 4876 per
856 4790 944 4858 lines
966 4792 1004 4856 et
1026 4807 1213 4859 mensuras
1239 4793 1331 4858 iusto
1354 4809 1460 4876 passu
1483 4789 1638 4860 hominis
1661 4797 1879 4863 mensurata.
1906 4795 1936 4862 A
1959 4797 2063 4882 parte
2099 4796 2349 4883 septentrionis
2371 4798 2425 4866 fl·-

553 4941 610 5010 nis
633 4941 719 5022 bia,
744 4913 840 5030 passi
863 4943 1041 5030 quadtuor
1068 4994 1299 5013 .......
1327 4996 1336 5038 .·
1365 4996 1374 5011 .
1401 4947 1608 5014 mensurata
1642 4965 1706 5033 per
1739 4946 1851 5033 ipsam
1874 4948 1960 5026 via,
1985 4947 2081 5036 passi
2103 4949 2347 5038 quadraginta
2371 4953 2426 5019 et.
2461 4995 2465 5002 -

554 5097 735 5182 quattuor.
761 5095 791 5162 Α
814 5097 917 5182 parte
941 5091 1087 5163 meridie
1112 5095 1208 5181 passi
1247 5099 1325 5164 octo
1349 5098 1386 5162 et
1409 5095 1576 5166 medium.
1615 5100 1771 5186 Aperte
1793 5099 1986 5170 occidentis
1992 5149 2334 5173 ..........
2360 5107 2415 5176 nr

555 5247 746 5336 sicutipse
768 5248 930 5338 iaquinto
954 5203 1152 5336 congruum
1178 5251 1247 5318 suit
1269 5271 1361 5319 vona
1395 5269 1461 5320 sua
1495 5253 1704 5331 voluntate,
1744 5274 1809 5341 per
1843 5273 1911 5324 auc
1932 5258 2111 5326 cartulam
2148 5258 2296 5328 donavit
2328 5260 2423 5350 ipso

556 5400 679 5468 aurito
705 5451 1009 5470 .........
1027 5404 1263 5480 mensurata,
1304 5421 1384 5470 cum
1409 5403 1571 5472 omnibus
1594 5423 1663 5494 que
1686 5406 1783 5476 intra
1806 5407 1918 5494 ipsam
1943 5409 2169 5480 donationem
2191 5414 2406 5485 navantibus

555 5553 785 5642 omnibusque
808 5553 881 5623 suis
918 5553 1147 5641 pertinentiis
1169 5557 1207 5622 et
1229 5574 1309 5622 cum
1335 5556 1411 5622 vice
1434 5556 1478 5624 de
1502 5558 1569 5626 viis
1591 5558 1665 5627 suis
1692 5609 1700 5626 .
1728 5613 1743 5630 ,
1766 5611 1925 5630 .....
1959 5565 1998 5631 ut
2020 5583 2160 5653 semper
2181 5563 2231 5633 sit
2252 5565 2291 5634 in
2314 5569 2416 5653 prte-

555 5711 648 5776 state
671 5707 738 5794 ipsi
761 5705 884 5775 annito
906 5711 943 5775 et
965 5707 1135 5775 heredum
1157 5712 1264 5786 eius;
1303 5711 1340 5774 et
1363 5708 1479 5776 licead
1503 5709 1605 5780 illum
1628 5713 1665 5778 ct
1687 5711 1764 5780 eius
1786 5715 1935 5784 heredes
1957 5716 2003 5786 de
2025 5719 2077 5788 eis
2100 5721 2218 5788 lacere
2247 5720 2433 5809 quicquit
