5452 7108
1213 511 1381 588 INDEX
1409 505 1603 591 CHRON.

1203 749 1207 884 1
1287 820 1418 880 Nomen

791 1005 798 1018 ,
834 970 836 1017 ι
1049 974 1051 1023 q
1340 936 1374 997 el
1582 939 1797 1002 Membranae
1818 937 2046 1000 summarium

834 1028 836 1072 t

770 880 799 958 α·
932 899 954 929 ..
1049 869 1052 965 l

739 1029 838 1214 Γὶ
1048 1086 1051 1171 ;
1120 1089 1149 1116 ι..
1203 1055 1485 1212 yAnniPrincipis

1128 829 1150 866 0

1120 876 1150 920 :3

1128 927 1149 961 Ο

1119 970 1149 988 w*

1119 997 1149 1035 Ὁ

1128 1043 1149 1078 fl

432 1216 2407 1252 w

511 1327 669 1394 MCXCVI
755 1327 834 1391 1054
896 1325 998 1405 Aprili
1103 1324 1160 1385 Vll
1244 1324 1297 1385 13.
1323 1322 1470 1403 Gisulphi
1574 1324 1743 1385 Concessio
1765 1329 1872 1385 terrae
1895 1325 1979 1404 apud
2001 1326 2105 1384 Nuce-

1534 1402 1615 1464 riam
1637 1406 1670 1464 in
1693 1406 1760 1465 loce
1782 1405 1969 1472 Floccanu',
1992 1405 2104 1472 Mario,

1536 1484 1599 1544 filie
1615 1504 1678 1562 qm.
1697 1485 1887 1555 Dumnandi,
1904 1491 1935 1546 et
1951 1485 2105 1561 Musccto,

1536 1565 1599 1626 tilio
1614 1565 1792 1634 Remoaldi,
1816 1585 1872 1644 per
1887 1565 2107 1645 Archiepisco-

1535 1664 1611 1724 pum
1632 1645 1879 1706 Salernitanum.
2164 1645 2193 1705 X
2259 1644 2295 1704 71
2342 1641 2402 1703 242

1248 1802 1300 1865 13.
1326 1802 1471 1884 Gisulphi
1576 1805 1695 1866 Divisio
1733 1809 1838 1865 terrac
1874 1809 1906 1864 et
1941 1803 2107 1867 castanieti

1537 1884 1793 1964 apudMeteliani
1818 1885 1908 1956 fines,
1923 1885 1980 1945 ubi
1998 1885 2110 1944 Casta-

1536 1967 1630 2025 niola
1646 1965 1775 2034 dicitur,
1793 1965 1876 2024 inter
1891 1967 2057 2042 Rogatam,
2075 1965 2110 2022 fi-

1538 2047 1614 2106 liam
1638 2065 1704 2124 qm.
1728 2045 1881 2116 Marmei,
1898 2051 1930 2106 et
1952 2046 2108 2112 Muczcm,

1539 2127 1636 2185 filiam
1666 2143 1731 2203 qm.
1756 2125 1885 2201 Sergii,
1918 2127 1972 2204 qui
2005 2124 2109 2184 dictus

1538 2206 1599 2265 fnit
1620 2205 1778 2272 Ieiunas,
1805 2204 1975 2284 plerasque
1998 2203 2110 2264 mulie-

1538 2305 1589 2345 res
1611 2285 1827 2345 condominae.
2168 2284 2197 2342 X
2260 2279 2299 2341 ta
2343 2277 2405 2338 att

501 2446 687 2515 MCXCVIII
756 2447 838 2510 lost
1250 2440 1299 2502 13.
1324 2439 1471 2521 Gisulphi
1579 2445 1749 2505 Conventio
1771 2443 1854 2503 inter
1868 2443 2024 2504 Melonem
2039 2461 2109 2522 pre-

1540 2524 1716 2602 sbyterum,
1733 2529 1765 2584 et
1780 2524 1956 2592 sicardum,
1980 2525 2109 2590 iratres,

1541 2605 1621 2664 tilios
1637 2623 1701 2683 qm.
1718 2604 1862 2672 Melonis,
1885 2603 1968 2683 quod
1983 2605 2014 2664 in
2028 2621 2111 2662 com·

1540 2684 1628 2744 muni
1649 2683 1796 2744 laborent
1810 2691 1924 2754 terras,
1941 2701 2020 2763 quas
2042 2699 2112 2762 pos-

1541 2764 1644 2824 sident
1677 2764 1709 2823 in
1740 2764 1808 2824 loco
1844 2763 2042 2832 Tabelcria‚
2079 2763 2111 2821 in

1541 2863 1615 2920 agro
1637 2843 1808 2905 Nucerino.
2168 2838 2212 2932 X·
2262 2837 2302 2898 73
2347 2835 2407 2894 ‘245

1582 3004 1715 3064 Domina
1731 3001 1907 3072 Theodora,
1931 3001 2027 3062 vidua
2041 2999 2113 3060 Pal-

1542 3083 1639 3153 dulfi,
1662 3082 1720 3142 filii
1743 3083 1919 3143 Guaimarii
1941 3080 2111 3158 Principis,

1541 3163 1639 3225 tradit
1660 3167 1763 3224 terras
1785 3182 1857 3224 cum
1878 3163 1969 3224 vinea
1984 3159 2113 3221 Riccar-

1542 3243 1606 3312 do,
1629 3243 1696 3306 tilio.
1716 3263 1780 3322 qm.
1803 3242 1960 3312 Maionis,
1983 3241 2022 3302 de
2043 3241 2112 3300 loce

1548 3323 1733 3396 Tabelaria,
1749 3329 1796 3393 ut,
1809 3321 1999 3402 quibusdam
2014 3324 2116 3380 statu·

1541 3403 1584 3463 tis
1605 3403 1716 3483 pactis,
1740 3421 1794 3464 ees
1816 3402 1900 3465 colat
1921 3406 1953 3462 ct
1974 3401 2109 3462 laboret.

2173 3477 2201 3538 X
2262 3473 2303 3534 74
2347 3469 2408 3532 246

1584 3561 1694 3622 Abbas
1729 3560 1891 3622 Ecclesiae
1927 3560 1960 3624 S.
1984 3560 2114 3622 Maximi

1542 3647 1661 3703 terram
1681 3642 1767 3702 intus
1789 3641 1956 3703 Salernum
1993 3639 2111 3710 vendit,

1544 3722 1583 3782 de
1605 3722 1733 3782 licentia
1754 3721 1861 3782 domni
1883 3721 1996 3782 Gisulli
2024 3719 2114 3780 Prin-

1544 3801 1634 3943 cSipisd,
1652 3801 1777 3941 'tsaresnlis
1798 3820 1874 3941 αὲιτὲ
1889 3801 2112 3941 qqadtragirtrte,

1545 3901 1609 4024 nt
1631 3899 1853 4023 en.;n...⁰
2174 3957 2203 4017 x
2264 3951 2304 4012 25
2348 3947 2409 4009 n

1254 4122 1305 4184 13.
1331 4117 1478 4199 Gisulphi
1584 4121 1734 4183 Eiusdem
1745 4119 1933 4180 venditionis
1944 4116 2135 4179 instrumen-

1545 4204 1613 4262 turn
1635 4201 1733 4263 aliud.
2171 4195 2200 4256 X
2265 4189 2304 4253 76
2348 4187 2408 4249 249

1256 4361 1308 4424 13.
1333 4357 1481 4438 Gisulphi
1588 4359 1813 4440 Adelpherius,
1829 4355 1939 4418 Abbas
1953 4356 2115 4418 Ecclesiae

1548 4439 1580 4500 S.
1604 4440 1746 4508 Maximi,
1761 4438 1844 4498 locat
1864 4436 2035 4516 Stephano,
2051 4437 2115 4498 filie

1548 4539 1600 4598 qm
1605 4565 1683 4585 ......
1706 4517 1948 4586 molendinum,
1971 4516 2116 4579 aedifice-

1547 4601 1669 4660 lumin
1691 4600 1819 4660 llumine
1841 4598 1954 4676 Lyrno.
2173 4595 2203 4655 X
2265 4589 2304 4650 77
2350 4584 2410 4646 250

531 4756 658 4823 ttcctn
1256 4758 1308 4821 13.
1336 4757 1482 4839 Gisulphi
1587 4757 1859 4828 Memoratorium,
1883 4755 2118 4838 quondalphe-

1547 4840 1614 4899 rius
1637 4837 1746 4898 Abbas
1767 4836 1912 4898 concedit
1932 4835 2059 4907 Ioanni,
2082 4837 2118 4896 sr-

1549 4919 1591 4980 lio
1614 4937 1679 4997 qm.
1701 4916 1847 4987 Bisantii,
1870 4915 1908 4976 ad
1929 4915 2042 4992 viginti
2063 4935 2118 4976 no·

1548 5017 1619 5060 vem
1655 5015 1779 5072 annos,
1814 5002 1935 5056 terram
1956 4995 2118 5056 Ecclesiae

1549 5079 1581 5140 S.
1607 5075 1759 5146 Maximi,
1795 5077 2007 5156 pertinentem
2033 5075 2119 5136 intus

1549 5157 1730 5236 Salernum,
1753 5157 1786 5217 in
1809 5155 1910 5217 Piala
1932 5155 2062 5218 Montis.
2176 5152 2205 5213 X
2268 5146 2309 5209 ‘18
2353 5146 2412 5210 252

1257 5317 1309 5378 13.
1334 5313 1481 5395 Gisulphi
1589 5315 1731 5376 Tcdcrus
1753 5333 1887 5394 graecus
1911 5313 2019 5378 vendit
2041 5315 2117 5376 Con·

1548 5395 1686 5458 stantino
1707 5395 1807 5456 siculo
1823 5397 1951 5458 domum
1966 5396 2117 5474 ligneam,

1550 5495 1645 5554 quem
1667 5475 1806 5554 possidet
1828 5476 1974 5549 Salerni,
1996 5477 2028 5535 in
2050 5475 2120 5537 loeo

1422 5611 1428 5622 .
1552 5556 1727 5618 lloscnola.
2180 5548 2209 5610 X
2271 5546 2311 5608 79
2353 5547 2414 5610 253
