5372 7106
611 441 680 522 298
1269 443 1442 520 CODEX
1473 440 1748 518 obtunsis

566 639 782 724 germanis,
819 636 912 704 sicut
934 635 1215 724 suprascriptum
1240 639 1306 716 est,
1331 655 1377 705 ex
1401 636 1453 706 eis
1478 636 1662 714 vendidit,
1688 629 1783 706 iusta
1806 636 2009 714 rationem,
2034 632 2338 724 quemammodum
2359 637 2405 708 eis

564 790 737 878 legaliter
760 791 929 879 pertinet,
955 795 992 860 et
1015 794 1172 882 qualiter
1197 793 1265 882 ipsi
1287 793 1454 884 germani
1476 795 1514 862 et
1538 792 1683 861 illorum
1706 791 1856 862 heredes
1879 791 2075 869 voluerint,
2101 793 2139 859 et
2160 791 2273 859 sortes
2294 806 2338 858 ex
2359 791 2406 860 eis

559 917 877 1032 comprehendant,
903 946 1062 1034 qualiter
1084 948 1138 1016 eis
1161 947 1345 1036 pertinet;
1370 951 1408 1018 et
1430 945 1474 1015 de
1496 949 1593 1016 sorte
1616 946 1707 1034 ipse,
1733 964 1840 1034 quam
1864 945 1940 1031 ipse
1963 947 2086 1032 petrns
2109 947 2147 1012 et
2168 943 2247 1012 eius
2268 945 2407 1017 heredes

556 1116 603 1166 ex
631 1098 718 1186 ipsis
743 1101 852 1168 terris
876 1101 1228 1202 comprehensorint‚
1255 1102 1324 1190 ipsi
1348 1104 1517 1191 germani
1540 1105 1577 1172 et
1599 1102 1747 1172 illorum
1770 1100 1920 1172 heredes
1943 1100 2072 1170 tollant
2095 1099 2273 1167 trecentos
2295 1117 2407 1188 passos

561 1271 626 1342 per
650 1253 925 1342 longitudinem,
938 1261 988 1328 'et
1010 1277 1075 1348 per
1098 1258 1327 1330 latitudinem
1353 1277 1476 1347 passos
1498 1261 1640 1328 centum
1664 1255 1807 1344 viginti,
1833 1255 2080 1344 suprascripto
2104 1271 2211 1342 passu
2233 1271 2409 1328 mensura-

556 1407 616 1486 tis,
644 1425 716 1478 non
739 1409 923 1490 insimul,
948 1412 1010 1482 sed
1034 1431 1099 1501 per
1122 1413 1321 1490 rationem„
1338 1413 1378 1480 in
1401 1411 1501 1500 quali
1524 1415 1602 1480 loco
1626 1429 1674 1480 ex
1698 1409 1777 1498 ipsa
1802 1407 1835 1476 ai
1858 1407 2015 1478 sortione
2038 1404 2105 1496 ipsi
2127 1408 2293 1496 germani
2314 1413 2350 1478 et
2370 1414 2410 1482 il·

558 1564 679 1630 lorum
703 1561 854 1631 heredes
877 1563 1088 1640 voluerint,
1127 1583 1208 1632 cum
1231 1566 1395 1634 omnibus
1419 1583 1488 1652 que
1512 1564 1609 1636 intra
1634 1581 1696 1632 eas
1719 1565 1816 1642 sunt,
1842 1561 2052 1650 cunctisque
2076 1581 2202 1632 earum
2236 1565 2412 1650 pertinen-

560 1717 634 1796 tiis,
654 1720 692 1786 et
715 1733 795 1788 cnm
821 1719 898 1788 rice
922 1719 966 1787 de
990 1719 1058 1788 viis
1081 1722 1167 1799 suis,
1193 1720 1240 1788 ad
1264 1719 1465 1788 faciendum
1491 1721 1613 1790 exeis
1636 1718 1706 1806 ipsi
1728 1717 1904 1806 germani
1927 1720 1965 1786 et
1986 1717 2130 1786 illorum
2144 1717 2306 1796 heredes,
2324 1721 2412 1808 quod

555 1875 751 1944 voluerint.
778 1877 823 1944 Et
844 1876 920 1964 ipse
943 1879 1067 1964 petrus
1090 1875 1227 1945 eteius
1251 1875 1401 1944 heredes
1425 1893 1565 1962 semper
1588 1870 1689 1954 illud,
1709 1873 1803 1962 quod
1827 1873 1894 1961 ipsi
1911 1873 2077 1960 germani
2100 1876 2137 1941 et
2151 1873 2297 1941 illorum
2312 1876 2411 1943 bere-

558 2029 649 2108 des,
688 2031 782 2102 mont
803 2031 1091 2120 suprascriptum
1114 2034 1195 2108 est,
1236 2031 1389 2098 tulerint
1412 2049 1493 2098 oum
1517 2029 1594 2098 vice
1618 2029 1773 2116 deipsis
1800 2029 1870 2098 viis
1895 2036 1931 2098 et
1955 2047 2036 2098 curn
2070 2029 2235 2099 omnibus
2258 2028 2357 2098 intra
2377 2051 2414 2101 se

561 2185 788 2265 habentibus,
814 2190 852 2256 et
872 2187 947 2256 suis
971 2185 1225 2274 pertinentiis,
1251 2184 1338 2273 ipsis
1361 2184 1545 2273 germanis
1568 2187 1606 2255 et
1628 2185 1775 2256 illorum
1798 2183 1993 2253 heredibus
2022 2182 2215 2252 defendant
2237 2185 2286 2252 ab
2307 2186 2416 2255 omni·

558 2342 622 2409 bus
646 2340 864 2412 hominibus.
889 2344 934 2410 Et
958 2321 1100 2430 'quando
1124 2339 1192 2427 ipsi
1215 2340 1381 2427 germani
1405 2343 1442 2408 et
1464 2339 1612 2408 illorum
1634 2339 1785 2410 heredes
1807 2338 2007 2416 voluerint,
2026 2339 2237 2425 potestatem
2261 2337 2417 2410 habeant

555 2493 649 2564 illud
673 2514 738 2582 per
759 2513 798 2563 se
821 2495 1023 2572 defendere,
1050 2494 1208 2582 qualiter
1232 2493 1435 2571 voluerint,
1462 2512 1544 2562 cum
1566 2493 1730 2562 omnibus
1755 2491 2034 2568 muniminibus,
2060 2510 2150 2580 quas
2172 2491 2217 2562 de
2239 2511 2282 2560 eo
2304 2497 2418 2564 osten·

558 2645 690 2716 derint.
718 2649 843 2724 Etsi,
869 2646 964 2714 sicut
986 2646 1152 2732 superius
1175 2644 1348 2732 scriptum
1372 2647 1453 2721 est,
1481 2644 1557 2731 ipse
1580 2647 1703 2732 petrus
1726 2648 1764 2713 et
1787 2645 1867 2716 eius
1891 2645 2043 2714 heredes
2066 2645 2153 2732 ipsis
2178 2647 2365 2734 germanis
2386 2649 2422 2716 et

556 2800 703 2869 illorum
727 2801 918 2872 heredibus
941 2819 1013 2870 non
1037 2801 1336 2888 adimpleverint,
1364 2801 1401 2865 et
1423 2798 1670 2886 suprascripta
1692 2799 1749 2867 vel
1781 2817 1828 2868 ex
1854 2797 1906 2866 eis
1933 2797 2125 2886 quicquam
2142 2816 2337 2868 removere
2361 2805 2423 2870 aut

559 2953 808 3023 contradicere
822 2951 1125 3041 presumpserint,
1154 2972 1219 3040 per
1242 2953 1356 3039 ipsam
1380 2952 1552 3038 guadiam
1575 2953 1752 3038 obligavit
1784 2956 1890 3022 se‘et
1924 2971 2005 3022 suos
2038 2955 2188 3024 heredes
2211 2973 2426 3042 componere

560 3107 648 3194 ipsis
671 3108 856 3194 germanis
879 3110 916 3176 et
937 3107 1087 3176 illorum
1110 3107 1301 3176 heredibus
1324 3109 1511 3176 sexcentos
1534 3111 1615 3176 auri
1638 3107 1768 3176 solidos
1793 3109 2052 3188 constantines,
2070 3111 2119 3186 et,
2137 3108 2232 3177 sicut
2256 3112 2424 3198 superius

557 3257 733 3345 scriptum
757 3261 824 3336 est,
849 3258 1061 3346 adimplere.
1079 3261 1125 3326 nt
1147 3259 1250 3336 illud,
1277 3259 1370 3348 quod
1393 3259 1558 3348 superius
1573 3260 1821 3332 disturbatum
1847 3262 1989 3336 videtur
2012 3282 2101 3344 esse,
2120 3267 2273 3352 legitur:
2301 3269 2423 3338 terris.

557 3411 602 3478 nt
625 3409 716 3478 duas
738 3412 900 3483 cartulas
925 3411 1032 3480 unius
1056 3414 1192 3480 tenoris
1215 3413 1309 3480 banc
1333 3429 1441 3498 quam
1468 3410 1535 3498 ipsi
1560 3411 1737 3499 germani,
1755 3415 1793 3482 et
1815 3415 1978 3486 alteram
2001 3435 2104 3504 quam
2127 3417 2203 3505 ipse
2217 3423 2352 3508 petrus
2375 3439 2429 3489 re-

557 3561 691 3640 tinent,
717 3563 753 3630 te
777 3561 998 3632 romoaldum
1024 3541 1204 3632 notarium
1227 3563 1386 3632 scribere
1410 3563 1567 3651 precepi.

580 3711 630 3804 ,ἦ
656 3716 731 3802 Ego
755 3715 816 3802 qui
840 3733 951 3804 supra
974 3715 1176 3786 romoaldus
1199 3715 1321 3786 iudex.

1277 4195 1278 4200 a
1337 4125 1672 4250 Muoxxxr

1362 4371 1424 4449 A.
1453 4369 1512 4448 D.
1540 4371 1666 4450 1056

583 4631 634 4724 ‚†
656 4634 696 4702 ln
719 4634 861 4704 nomine
884 4633 1017 4704 domini
1042 4633 1304 4724 quintodecimo
1326 4653 1421 4704 anno
1459 4635 1683 4724 principatus
1707 4638 1828 4708 domni
1853 4642 1965 4709 nostri
2003 4641 2122 4728 gisulfi
2143 4645 2305 4730 gloriosi
2331 4649 2433 4736 prin·

556 4785 659 4876 cipis,
684 4805 803 4856 mense
826 4788 939 4868 iunio,
965 4806 1069 4857 nona·
1084 4789 1292 4860 indictione.
1311 4791 1386 4876 ligo
1411 4791 1584 4858 iohannes
1607 4791 1761 4866 clericus
1784 4795 1822 4860 et
1842 4793 1957 4862 ¹abbas
1972 4794 2121 4864 ecclesie
2136 4801 2271 4866 sancte
2297 4799 2362 4869 dei
2377 4821 2440 4889 ge-

557 4937 703 5008 nitricis
725 4943 761 5006 et
784 4938 938 5024 virginis
960 4939 1087 5018 marie,
1114 4959 1183 5028 que
1206 4943 1417 5010 constructa
1438 4944 1494 5010 est
1516 4941 1614 5012 intus
1637 4961 1698 5012 auc
1722 4943 1990 5022 salernitanam
2012 4945 2195 5018 civitatem
2224 4949 2439 5042 propinquo

560 5095 668 5162 litore
691 5093 804 5162 maris
825 5093 1031 5182 pertinente
1065 5093 1215 5163 ecclesia
1255 5093 1333 5180 ipsa
1357 5113 1440 5162 cum
1464 5093 1627 5163 omnibus
1664 5097 1784 5187 rebus,
1808 5095 1968 5182 predicte
2010 5099 2159 5168 ecclesie
2185 5105 2443 5192 suprascripti

567 5246 736 5334 principi,
761 5249 798 5316 et
819 5247 863 5316 de
884 5247 954 5336 ipsi
976 5250 1143 5336 germani
1166 5253 1249 5326 sui,
1274 5249 1312 5314 et
1334 5247 1570 5336 suprascripti
1596 5215 1715 5326 domui
1739 5249 1916 5336 guidoni,
1941 5255 1979 5324 et
1999 5252 2043 5322 de
2069 5253 2147 5341 ipsa
2169 5257 2339 5326 heredes
2364 5277 2444 5346 pre·

560 5398 649 5482 dicti
674 5399 795 5468 domni
818 5401 995 5488 paldulfl3
1035 5421 1078 5470 eo
1100 5401 1191 5492 quod
1215 5404 1301 5471 ante
1324 5400 1468 5472 idoneos
1491 5403 1651 5473 homines
1673 5403 1805 5474 tradidi
1842 5407 1998 5476 samuele
2036 5411 2073 5474 et
2096 5409 2240 5478 anania
2265 5411 2443 5500 germani

559 5553 626 5636 filii
652 5553 829 5642 quondam
844 5555 941 5636 ,iuda
963 5557 1061 5624 ebrei
1084 5557 1129 5624 de
1154 5563 1254 5625 terra
1278 5559 1393 5626 bacua
1413 5557 1619 5644 pertinente
1640 5556 1757 5626 eidem
1782 5560 1955 5636 ecclesie,
1980 5561 2072 5648 quod
2096 5561 2214 5630 habet·
2236 5565 2348 5638 intns
2374 5586 2446 5638 auc

559 5709 746 5816 ciuitatem
769 5709 816 5777 ad
837 5708 997 5778 iudailra
1020 5729 1086 5796 per
1109 5711 1195 5778 fines
1218 5715 1255 5778 et
1270 5729 1472 5789 mensuras,
1494 5709 1583 5780 iusto
1607 5711 1700 5800 pede,
1718 5731 1827 5786 manu
1843 5714 1996 5782 hominis
2018 5719 2260 5788 mensurata.'
2279 5723 2438 5810 sparte
