5454 7104
1002 531 1408 604 ululoullltus
1845 611 1853 616 Μ
2032 535 2076 607 95

271 729 311 798 16
340 730 452 818 ipsam
476 733 615 817 partem
638 727 786 797 orientis
809 729 903 816 pessi
927 729 1048 796 decem
1071 732 1108 794 et
1131 729 1267 804 nobem,
1287 730 1322 793 et
1346 729 1554 793 revolvente
1582 725 1621 794 in
1645 727 1722 814 ipsa
1741 731 1843 816 perte
1866 729 2129 815 septemtrionis

268 885 369 972 passi
394 885 609 973 quindecim,
635 888 672 952 61
696 883 827 952 1161661
851 883 1055 949 revolvente
1079 879 1117 948 iu
1140 881 1218 968 ipsa
1241 883 1342 967 parte
1367 880 1524 948 orientis
1550 882 1645 966 passi
1669 882 1837 970 quinque,
1863 885 1900 949 et
1922 883 2127 953 revolvente

268 1040 307 1108 in
336 1040 414 1128 ipsa
437 1042 539 1126 parte
563 1037 829 1141 septemtrionis
852 1036 957 1103 iuxta
979 1037 1094 1122 ipsam
1117 1036 1307 1102 secundam
1333 1039 1482 1113 sortem,
1500 1036 1596 1124 passi
1619 1041 1762 1104 centum
1786 1037 1969 1116 tredecim
1987 1042 2023 1106 et
2045 1039 2127 1107 inde

268 1193 443 1261 habiente
468 1197 607 1260 rectum
631 1193 669 1260 in
694 1193 772 1278 ipsa
794 1193 897 1278 parte
920 1189 1183 1277 septemtrionis
1206 1189 1301 1276 passi
1325 1189 1454 1276 viginti
1479 1192 1676 1276 quattuor,
1715 1194 1751 1258 et
1775 1194 1950 1278 pergente
1984 1191 2023 1260 in
2050 1192 2127 1280 ipsa

267 1349 381 1434 perte
405 1347 670 1434 septemtrionis
693 1347 797 1414 iuxta
820 1346 933 1433 ipsam
956 1347 1147 1414 secundam
1170 1349 1301 1413 sortem
1324 1345 1420 1432 passi
1438 1347 1593 1432 triginta
1616 1355 1751 1433 septem
1767 1366 1878 1436 usque
1902 1349 2015 1436 ipsam
2031 1347 2126 1416 viam

267 1501 470 1588 puplicam.
510 1503 564 1570 Ab
590 1501 668 1589 ipse
690 1501 794 1588 parte
817 1502 1080 1588 septemtrionis
1103 1503 1158 1568 est
1179 1501 1260 1568 11616
1284 1501 1362 1586 ipsa
1386 1502 1446 1569 via
1471 1501 1628 1588 puplica,
1654 1505 1738 1569 sunt
1760 1502 1842 1573 inde
1866 1502 1960 1590 passi
1983 1505 2126 1572 centum

273 1654 526 1742 quadraginta
549 1658 687 1722 nobem.
726 1653 1418 1740 61661611111111616616111166166
1458 1656 1765 1722 661161611161616
1800 1675 1880 1724 cum
1915 1661 2059 1726 arbusto
2083 1659 2126 1728 de

277 1808 359 1894 ipso
384 1809 460 1874 loco
484 1809 712 1894 Apusmonte,
742 1807 802 1874 ubi
825 1807 969 1874 lenzara
991 1806 1135 1885 dicitur,
1162 1826 1269 1894 quam
1295 1805 1427 1872 retinet
1442 1807 1615 1874 iohannes
1638 1793 1894 1878 flliusallerisi.
1920 1814 1964 1878 Et
1976 1812 2125 1880 adiunxi

272 1962 316 2029 iu
340 1963 412 2030 1616
434 1963 529 2030 sorte
553 1967 655 2029 curte
678 1983 758 2030 cum
782 1965 926 2032 arbusto
950 1963 996 2030 da
1019 1962 1164 2040 linzara,
1182 1983 1288 2049 quem
1314 1961 1448 2028 retinet
1472 1962 1634 2040 donatus,
1653 1983 1759 2050 quea
1781 1971 1884 2052 parte
1907 1967 2056 2034 meridie
2079 1969 2124 2035 ed

271 2118 421 2186 fluvium
445 2119 633 2186 coniuncta
656 2121 722 2186 est.
748 2110 888 2186 Et'alia
911 2119 1047 2206 peciole
1063 2139 1144 2185 cum
1167 2121 1312 2185 arbusto
1336 2115 1458 2203 ibique
1483 2116 1522 2184 in
1538 2117 1627 2204 pede
1640 2119 1682 2185 de
1699 2120 1846 2186 castello
1870 2123 2003 2198 betere,
2018 2141 2125 2208 quam

277 2274 410 2342 retinet
433 2273 548 2358 guiso.
575 2277 619 2342 Et
642 2273 792 2342 adiunxi
816 2275 853 2340 in
877 2273 947 2340 iste
969 2277 1064 2340 sorte
1088 2291 1160 2339 una
1183 2273 1286 2358 pecie
1309 2270 1352 2338 de
1377 2274 1477 2340 terre
1500 2291 1580 2338 oum
1606 2275 1753 2341 arbusto
1790 2275 1850 2342 ubi
1874 2276 2018 2362 capsulo
2040 2276 2127 2344 dici-

272 2429 346 2506 tur,
372 2447 479 2515 quam
502 2429 619 2496 tenuit
641 2427 811 2510 iohannes
835 2428 896 2514 qui
909 2428 1040 2514 dicitur
1052 2428 1262 2495 bestarario.
1289 2429 1334 2492 Et
1357 2428 1433 2494 alia
1457 2427 1556 2514 pecio
1566 2429 1603 2494 la
1626 2447 1709 2494 cum
1737 2432 1973 2516 ambustoque
1996 2431 2128 2499 dicitur

276 2581 323 2649 da
347 2581 472 2658 liriczi,
498 2601 604 2670 quem
629 2583 722 2650 mari
746 2583 841 2650 riczu
866 2583 1008 2650 retinet.
1036 2585 1080 2649 nt
1103 2581 1177 2650 elie
1200 2581 1301 2668 pecie
1325 2600 1404 2648 cum
1430 2585 1574 2648 arbusto
1602 2601 1708 2668 quam
1734 2582 1891 2648 retinent
1915 2584 2073 2668 Angelus
2088 2587 2125 2651 et

276 2735 467 2803 Sabatinus
490 2733 622 2822 ibique.
660 2737 703 2800 Et
726 2734 876 2801 adiunxi
912 2734 949 2801 in
973 2735 1042 2801 ista
1065 2737 1158 2800 sorte
1182 2735 1319 2822 peciam
1344 2754 1425 2802 cum
1450 2738 1630 2812 arbusto,
1672 2736 1733 2803 ubi
1756 2740 1945 2822 paternum
1979 2738 2123 2814 dicitur,

276 2909 392 2976 quam
416 2889 546 2955 retinet
569 2889 740 2956 iohannes
762 2889 1046 2956 mecza-tocacza.
1086 2892 1131 2956 Et
1154 2890 1304 2958 adiunxi
1329 2889 1367 2956 in
1391 2889 1462 2958 iste
1486 2893 1583 2957 sorte
1608 2893 1740 2958 16116111
1778 2910 1858 2958 6661
1882 2894 2063 2959 6661611616
2086 2891 2124 2958 16

275 3041 394 3119 Siano,
421 3043 481 3110 ubi
504 3043 631 3109 ortelle
654 3042 799 3120 dicitur,
825 3062 932 3131 quem
956 3044 1075 3110 tenuit
1097 3043 1267 3112 sellictus.
1302 3048 1346 3111 Et
1369 3045 1519 3113 adiunxi
1543 3045 1587 3113 in'
1605 3046 1675 3112 ista
1698 3047 1793 3112 sorte
1817 3048 1952 3112 terram
1976 3045 2123 3112 illorum

263 3217 349 3265 cum
375 3199 576 3266 ebellaneto
599 3198 637 3268 iu
660 3176 780 3266 eodem
804 3200 881 3266 1666
904 3199 1036 3275 81666,
1063 3218 1169 3286 quam
1195 3199 1325 3266 retinet
1349 3201 1524 3268 iohannes
1548 3200 1695 3277 barrile,
1721 3202 1758 3266 et
1780 3199 1906 3266 inclite
1927 3251 2051 3266 .....
2079 3201 2123 3268 de

267 3356 374 3420 terra
398 3373 477 3420 cum
501 3357 646 3422 arbusto
669 3356 706 3420 et
732 3355 933 3422 abellaneto
956 3355 1075 3441 ibique
1098 3353 1352 3428 coniunctam,
1390 3371 1498 3438 quam
1524 3351 1599 3437 ipse
1623 3351 1797 3419 iohannes
1821 3354 1964 3420 retinet.
1990 3355 2034 3420 Et
2064 3354 2126 3421 ad-

265 3505 374 3574 iunxi
399 3508 436 3574 in
460 3505 534 3576 iste
558 3511 654 3576 66116
680 3527 753 3576 666
775 3509 875 3594 pecie
900 3509 943 3575 de
967 3511 1067 3575 terra
1089 3525 1170 3574 cum
1193 3509 1338 3574 arbusto
1362 3507 1399 3572 in
1423 3507 1503 3573 loco
1527 3505 1716 3581 tabellara,
1742 3505 1803 3572 ubi
1827 3506 1872 3572 ed
1895 3511 2058 3574 sanctum
2075 3506 2125 3572 vi-

234 3663 236 3666 ’
261 3665 341 3729 1616
367 3663 512 3740 (1161161,
539 3681 645 3750 quam
669 3663 802 3729 retinet
825 3662 1007 3730 maraldus
1029 3661 1122 3729 illius
1138 3661 1322 3752 mirigni,
1348 3665 1385 3728 et
1410 3663 1524 3730 eliam
1549 3660 1686 3746 peciam
1710 3680 1791 3728 cum
1814 3664 1958 3730 arbusto
1982 3662 2114 3749 ibique,

264 3837 375 3904 quam
401 3817 532 3884 retinet
555 3816 727 3884 bonafide.
767 3820 812 3884 Et
835 3816 984 3884 adiunxi
1007 3817 1044 3883 in
1067 3815 1137 3883 ista
1160 3819 1254 3882 sorte
1290 3813 1398 3882 aliam
1424 3815 1565 3900 peciam
1601 3815 1773 3895 deterre
1808 3835 1887 3882 cum
1919 3817 2064 3884 arbusto
2086 3819 2122 3883 in

262 3971 338 4057 ipso
364 3972 441 4038 loco
465 3972 654 4048 tabellara,
680 3969 741 4038 ubi
765 3970 844 4038 6116
866 3971 974 4038 616611
998 3971 1141 4048 dicitur,
1167 3989 1272 4057 quem
1298 3968 1413 4036 tenuit
1437 3969 1614 4034 Stesanus
1646 3971 1690 4035 nt
1713 3971 1789 4036 alia
1813 3971 1915 4057 pecie
1938 3971 1977 4038 in
1999 3972 2120 4039 eodem

261 4126 350 4193 loco
374 4125 419 4193 ad
443 4125 522 4192 aira
545 4124 680 4204 ciceri,
717 4146 824 4214 quam
848 4126 964 4193 tenuit
986 4126 1170 4213 iaquiutus
1193 4123 1430 4209 tornainpoe,
1467 4142 1535 4209 que
1559 4127 1614 4190 est
1637 4127 1737 4191 terra
1777 4145 1858 4194 cum
1882 4117 2037 4195 arbusto.
2077 4129 2120 4194 Et

260 4279 424 4348 adiunxi
448 4282 486 4347 in
511 4279 581 4376 ista
603 4281 698 4346 sorte
721 4279 884 4346 inclitam
907 4279 1228 4367 tertiampartem,
1247 4299 1315 4366 que
1338 4282 1393 4345 est
1415 4299 1490 4347 sors
1514 4281 1666 4348 illorum
1691 4281 1849 4352 deterre
1872 4302 1950 4350 cum
1975 4285 2120 4352 arbusto

260 4438 298 4501 et
322 4435 532 4512 casteneto,
559 4453 626 4521 que
650 4436 833 4521 estsuper
856 4434 1007 4501 ecclesie
1030 4434 1145 4501 sancti
1169 4435 1321 4522 cipriani
1347 4434 1384 4504 in
1407 4436 1484 4502 loco
1510 4453 1662 4512 venera,
1692 4436 1753 4521 qui
1783 4439 1837 4504 661
1859 4438 2049 4504 666166616
2072 4438 2117 4504 ad

260 4588 358 4656 viem
386 4608 455 4674 que
479 4590 725 4656 benebentana
748 4588 892 4655 dicitur.
934 4589 978 4654 Et
1001 4587 1151 4654 adiunxi
1174 4589 1211 4655 16
1235 4587 1305 4654 1616
1327 4592 1423 4656 66116
1447 4592 1578 4655 terram
1605 4608 1688 4655 cum
1714 4591 1858 4657 arbusto
1882 4589 1920 4657 in
1944 4590 2018 4675 ipso
2041 4591 2117 4658 loco

259 4745 464 4820 tabellara,
490 4741 551 4810 ubi
573 4741 772 4810 suttinianu
796 4742 939 4821 dicitur,
964 4763 1069 4830 quem
1094 4743 1224 4810 retinet
1247 4761 1350 4810 ursus
1376 4743 1596 4828 tornainpoe.
1628 4746 1673 4810 ut
1696 4743 1846 4811 adiunxi
1870 4745 1906 4811 in
1929 4744 2000 4812 ista
2021 4747 2116 4812 'sorte

260 4915 334 4972 res,
362 4915 451 4983 quas
475 4915 632 4964 66666166
655 4897 742 4964 61116
767 4896 893 4963 11611611
915 4895 954 4962 16
976 4898 1052 4962 1666
1075 4899 1278 4982 pestorano,
1304 4899 1450 4963 Terram
1475 4915 1555 4963 cum
1582 4897 1726 4964 16611616
1750 4898 1879 4985 inipso
1902 4899 1977 4966 1666
2001 4902 2117 4986 pasto-

258 5069 377 5130 11166,
404 5070 471 5139 que
495 5055 549 5118 est
572 5069 679 5137 super
701 5049 806 5118 tlubio
828 5051 1043 5137 grancerio,
1069 5070 1136 5136 que
1160 5071 1182 5117 a
1206 5056 1308 5137 perte
1334 5052 1497 5119 meridiei
1520 5053 1715 5122 coniuncta
1739 5056 1794 5120 661
1816 5053 1861 5122 ed
1886 5055 1979 5122 viam
2004 5056 2116 5143 pupli-

262 5227 366 5286 cam,
406 5209 443 5272 et
465 5207 601 5273 terram
624 5223 708 5273 cum
732 5205 836 5272 vinea
859 5207 896 5271 et
918 5205 1063 5272 saliceto
1099 5206 1141 5273 de
1164 5207 1285 5274 eodem
1309 5209 1385 5275 loco
1409 5207 1542 5276 ibidem
1567 5210 1834 5298 propinquam,
1871 5231 1939 5297 que
1968 5214 2115 5299 aparte

265 5360 429 5430 meridiei
453 5359 642 5428 coniuncta
666 5362 720 5427 est
743 5360 788 5428 ed
812 5359 925 5447 ipsum
951 5361 1096 5428 fluvium
1119 5363 1377 5448 grancarium,
1403 5365 1440 5429 61
1463 5367 1598 5430 16116111
1622 5383 1702 5432 cum
1725 5365 1830 5432 vinea
1853 5367 1889 5432 et
1912 5385 2023 5433 vacuo
2051 5366 2115 5434 ibi-

265 5519 343 5586 dem
369 5517 617 5605 propinquam,
643 5515 703 5583 ubi
727 5517 895 5583 orbarum
920 5514 1063 5594 dicitur,
1089 5535 1158 5604 que
1181 5537 1204 5586 a
1226 5519 1330 5604 parte
1345 5517 1493 5586 orientis
1518 5520 1708 5590 coniuncte
1731 5524 1786 5589 est
1808 5520 1855 5588 ad
1871 5522 2025 5592 medium
2042 5525 2116 5590 val·

264 5673 400 5750 lonem,
415 5673 451 5738 et
474 5671 606 5738 retinet
628 5689 706 5739 eam
731 5673 786 5739 leo
797 5672 892 5740 filius
916 5675 1093 5761 quondam
1115 5674 1228 5742 leonis
1252 5675 1451 5742 amalfitani
1475 5669 1615 5760 aparte
1631 5676 1786 5762 ipsorum
1810 5677 1929 5746 domni
1945 5677 2115 5766 principis

258 5833 296 5895 et
321 5827 423 5914 ducis
447 5829 483 5894 61
506 5827 661 5895 fratrum
684 5829 772 5896 eius.
810 5827 856 5892 Et
878 5825 1027 5893 adiunxi
1059 5827 1097 5894 in
1121 5826 1191 5894 1616
1213 5829 1308 5894 66116
1332 5829 1467 5894 terram
1502 5845 1582 5894 oum
1608 5827 1714 5895 vinea
1744 5828 1788 5897 de
1813 5829 1935 5897 eodem
1959 5831 2034 5896 loco
2056 5849 2118 5916 pe-
