5452 7108
1004 535 1409 613 ntrtotmrleus
1476 533 1478 539 Α
2050 551 2095 624 29

295 726 335 791 et
356 724 525 793 ducatum
549 725 667 794 domni
690 727 806 814 gisolfi
828 729 952 798 eximii
975 732 1147 819 principis
1170 735 1206 800 et
1228 733 1328 803 ducis
1350 736 1415 805 fflii
1439 736 1528 808 eius.
1554 758 1673 809 mense
1696 742 1860 820 martine,
1880 743 2145 830 quintadecima

290 873 500 945 indictione.
525 879 778 948 Glaresecimus
802 901 864 950 nos
886 884 987 970 gucti
1010 888 1046 952 et
1068 885 1123 954 leo
1147 887 1370 958 atrianenses
1393 893 1557 977 germani
1580 893 1645 961 tilii
1668 895 1845 982 quondam
1868 897 1992 983 sergii,
2010 898 2071 984 qui
2093 898 2147 966 di-

293 1027 389 1095 citur
412 1029 458 1097 de
480 1031 638 1111 flumen,
665 1035 832 1122 quoniam
856 1037 955 1106 nobis
979 1041 1033 1107 est
1054 1039 1274 1126 pertinentes
1297 1045 1404 1110 abere
1429 1063 1502 1112 una
1524 1035 1626 1133 pecie
1648 1047 1691 1116 de
1714 1051 1814 1117 terra
1837 1053 1977 1129 bacua,
2017 1054 2054 1118 et
2083 1053 2150 1121 ali·

288 1186 469 1270 quantum
492 1189 719 1273 pastenatum
741 1207 764 1256 a
786 1207 894 1278 super
916 1193 1089 1262 bosenula
1111 1194 1150 1264 in
1173 1195 1271 1283 plaia
1294 1197 1337 1264 de
1361 1201 1503 1278 monte,
1541 1201 1602 1290 qui
1625 1205 1680 1270 est
1702 1222 1767 1291 per
1788 1203 1868 1272 finis
1892 1207 1928 1271 et
1950 1205 2144 1273 mensoria:

299 1358 322 1405 a
345 1357 429 1426 pers
451 1341 644 1411 occidentis
667 1345 735 1412 flne
758 1349 906 1424 nostra,
932 1346 1014 1416 inde
1037 1353 1120 1416 sunt
1142 1351 1237 1438 pessi
1261 1351 1414 1437 biginti,
1444 1353 1573 1422 abinde
1596 1357 1809 1424 ascendente
1832 1356 1869 1423 in
1893 1375 1976 1444 pers
1998 1359 2146 1426 orientis

297 1491 394 1577 passi
418 1494 571 1582 triginta
593 1496 775 1584 quinque,
806 1501 843 1566 et
865 1501 994 1570 abinde
1018 1504 1221 1572 rebolbente
1245 1505 1282 1574 in
1305 1525 1390 1593 pars
1413 1508 1562 1577 meridie
1585 1508 1681 1595 pessi
1705 1510 1827 1578 decem
1851 1512 1887 1578 et
1909 1513 2070 1597 septem,
2110 1516 2147 1578 et

293 1646 426 1715 abinde
448 1649 682 1719 descendente
705 1651 742 1718 in
765 1671 849 1740 pars
871 1653 1063 1724 occidentis
1086 1657 1181 1744 pessi
1205 1659 1335 1745 biginti
1357 1664 1448 1738 octo,
1477 1664 1589 1729 totum
1614 1665 1857 1730 mensuratum
1882 1663 1928 1732 ed
1951 1663 2043 1731 iusto
2063 1684 2144 1752 pas-

291 1821 388 1868 sum.
413 1801 457 1869 de
479 1803 551 1872 iste
573 1806 674 1892 pecie
697 1805 741 1874 de
763 1809 862 1874 terre
886 1809 982 1877 inibe
997 1811 1156 1896 predicte
1178 1812 1258 1880 finis
1281 1814 1439 1900 pertinet
1461 1815 1544 1884 indo
1567 1818 1661 1903 petri
1684 1819 1721 1884 et
1743 1818 1854 1885 amati
1870 1819 2059 1904 presbiteri
2081 1820 2147 1889 filii

294 1955 449 2041 aleghisi
473 1955 602 2043 biginti
626 1959 734 2046 passi,
760 1959 1009 2048 delongitudo
1032 1964 1134 2032 etde
1157 1965 1309 2034 latitudo
1332 1968 1428 2054 passi
1452 1969 1635 2036 duodecim
1659 1970 1698 2038 in
1719 1971 1816 2039 omni
1838 1972 1914 2038 ioco
1938 1991 2001 2059 per
2024 1973 2147 2040 datum

297 2113 408 2199 ipsius
430 2115 527 2202 sergi
539 2115 695 2202 genitori
718 2119 849 2196 nostro,
867 2119 960 2187 sicut
982 2121 1141 2189 continet
1163 2123 1317 2199 cartule,
1332 2143 1401 2210 que
1426 2124 1502 2210 ipse
1525 2127 1648 2212 petrus
1672 2129 1708 2194 et
1731 2129 1871 2195 amatus
1895 2128 1995 2196 modo
2019 2129 2148 2196 exinde

295 2269 467 2349 ostendit,
493 2291 562 2358 que
584 2272 720 2360 scripte
742 2276 797 2342 est
818 2295 883 2363 per
905 2275 1088 2343 dauferius
1111 2277 1272 2344 notarius
1294 2271 1334 2345 in
1357 2298 1450 2346 enno
1474 2279 1640 2347 bicesimo
1664 2280 1787 2367 quinto
1809 2281 2005 2369 supradicti
2029 2282 2149 2352 domni

293 2423 503 2510 guaimarii,
529 2429 566 2492 et
588 2427 712 2514 quinto
735 2446 827 2495 anno
850 2428 1074 2516 principatus
1096 2429 1173 2497 eius
1196 2449 1308 2516 capue
1326 2433 1367 2496 et
1390 2429 1540 2498 ducatus
1564 2432 1696 2510 amalfi,
1714 2435 1751 2498 et
1773 2436 1902 2521 quarto
1926 2453 2019 2502 anno
2043 2434 2150 2501 duca-

290 2579 350 2644 tus
374 2577 451 2646 eius
473 2579 691 2658 sirrentum,
717 2583 754 2648 et
776 2583 928 2650 secundo
952 2602 1045 2650 enno
1068 2583 1309 2670 principatum
1333 2587 1369 2650 et
1392 2584 1560 2652 ducatum
1584 2585 1781 2672 supradicti
1804 2586 1922 2654 domni
1946 2589 2088 2674 gisolfi,
2113 2593 2150 2656 et

294 2733 409 2818 primo
433 2751 525 2802 enno
549 2734 698 2802 ducatus
722 2735 866 2802 illorum
889 2735 1009 2821 apulie
1032 2739 1069 2802 et
1091 2737 1262 2814 calabrie,
1280 2754 1400 2804 mense
1423 2737 1576 2823 magius,
1592 2737 1778 2806 undecima
1793 2739 1998 2812 indictione
2012 2741 2049 2806 et
2064 2759 2151 2828 qua·

292 2888 377 2955 liter
400 2888 444 2956 de
467 2892 551 2958 ante
573 2909 612 2957 os
635 2909 746 2958 annos
769 2889 844 2977 ipse
867 2889 1009 2977 genitor
1033 2893 1151 2958 noster
1175 2889 1285 2975 ipsius
1302 2888 1455 2974 aleghisi
1478 2889 1626 2956 dederat
1649 2892 1685 2957 et
1707 2893 1980 2958 confirmaberet
1994 2911 2058 2978 per
2073 2891 2150 2978 ipsa

291 3043 439 3110 cartula
462 3043 592 3130 biginti
615 3043 711 3130 passi
734 3043 777 3110 de
800 3043 997 3131 longitudo,
1015 3045 1052 3110 et
1074 3042 1169 3130 passi
1192 3041 1376 3110 duodecim
1399 3041 1443 3107 de
1466 3040 1638 3118 latitudo,
1663 3041 1756 3109 sicut
1778 3041 1856 3130 ipse
1878 3043 2020 3110 cartule
2042 3043 2153 3112 conti·

299 3199 388 3274 net,
415 3216 483 3284 que
506 3196 641 3284 scripta
663 3199 718 3264 est
740 3216 804 3283 per
826 3197 942 3284 ipsum
965 3196 1149 3264 dauferius
1173 3193 1346 3262 notarius.
1372 3193 1473 3260 Modo
1497 3195 1616 3260 autem
1640 3213 1838 3280 congruum
1862 3198 1917 3262 est
1939 3197 2039 3264 nobis
2062 3197 2151 3264 iam-

292 3349 385 3418 dicti
407 3349 508 3436 gucti
531 3351 568 3416 et
589 3350 644 3434 leo
668 3351 744 3417 tota
766 3352 803 3417 et
826 3348 955 3417 inclita
977 3348 1055 3437 ipsa
1077 3349 1179 3436 pecie
1202 3347 1245 3415 de
1268 3351 1369 3416 terra
1392 3367 1456 3435 per
1478 3347 1683 3436 supradicte
1705 3349 1785 3416 finis
1809 3351 1845 3415 et
1868 3349 2047 3424 mensurio
2070 3351 2154 3418 illut

294 3505 443 3604 tradere!
462 3507 498 3572 et
521 3506 730 3573 confirmare
754 3504 864 3594 ipsius
888 3507 981 3592 petri
1005 3507 1041 3571 et
1064 3503 1175 3572 amati
1210 3503 1375 3589 germani
1397 3501 1464 3570 filii
1488 3501 1641 3590 predicti
1664 3501 1830 3590 eleghisi.
1857 3505 2023 3582 Interea,
2060 3504 2155 3572 sicut

288 3659 393 3726 nobis
416 3679 613 3746 congruum
636 3661 702 3736 est,
720 3661 809 3726 bone
825 3662 941 3726 nostre
965 3657 1160 3725 boluntetis
1177 3677 1241 3745 per
1264 3675 1331 3724 enc
1355 3658 1498 3726 cartula
1513 3663 1597 3726 ante
1620 3658 1811 3746 subscripti
1827 3657 1962 3728 idoneis
1977 3660 2152 3730 ominibus

295 3814 573 3884 venundedimus
596 3815 711 3903 adque
734 3813 1020 3882 confirmabimus
1043 3812 1141 3880 vobis
1165 3812 1325 3882 iamdicti
1341 3813 1435 3901 petri
1458 3817 1495 3881 et
1519 3813 1630 3882 amati
1654 3816 1730 3882 tota
1752 3817 1789 3882 et
1811 3815 1940 3882 inclite
1955 3815 2033 3903 ipsa
2048 3815 2151 3902 pecie

285 3969 334 4037 de
359 3974 457 4037 terra
480 3988 560 4037 cum
584 3970 765 4056 pastinum
788 3972 825 4036 et
847 3971 999 4036 becuum
1023 3966 1120 4034 inire
1142 3965 1347 4054 supradicte
1369 3967 1451 4034 finis
1474 3969 1511 4032 et
1531 3965 1725 4044 mensuris,
1739 3967 1783 4035 de
1806 3970 1980 4056 quantum
2004 3974 2153 4058 quanto

290 4143 360 4210 que
383 4124 484 4192 nobis
507 4125 561 4192 est
583 4123 804 4210 pertinentes
827 4125 933 4190 abere
957 4120 995 4190 in
1018 4121 1223 4207 supradicte
1245 4119 1326 4188 finis
1349 4121 1386 4187 et
1409 4121 1615 4197 mensurie,
1641 4123 1747 4188 extra
1770 4121 1877 4200 illut,
1903 4143 1972 4211 que
1995 4124 2070 4212 ipse
2092 4145 2154 4212 ge-

292 4281 389 4348 nitor
413 4282 533 4347 noster
556 4298 620 4370 per
643 4279 721 4368 ipse
744 4279 882 4347 cartula
904 4276 1016 4364 ipsius
1039 4277 1192 4363 aleghisi
1209 4276 1408 4344 tradideret
1431 4281 1468 4343 et
1490 4278 1776 4345 confirmaberat.
1801 4278 1891 4346 Nem
1907 4277 1969 4346 illo
1993 4280 2085 4348 aliut
2099 4280 2154 4348 in-

293 4435 349 4501 ira
371 4432 531 4521 predicte
553 4431 634 4499 finis
657 4435 694 4498 et
716 4431 899 4500 mensuria
922 4432 1077 4519 ipsorum
1103 4431 1195 4518 petri
1219 4433 1256 4496 et
1279 4429 1390 4496 ameti
1414 4430 1718 4510 benumdcdimuS‚
1745 4450 1826 4499 cum
1848 4433 1969 4500 omnia
1994 4434 2091 4503 inira
2113 4453 2150 4502 se

287 4588 505 4666 abentibus‚
532 4586 765 4675 omnibusque
789 4585 862 4654 suis
885 4585 1135 4672 pertinentiis,
1161 4587 1300 4652 etcum
1325 4586 1401 4652 bice
1425 4584 1468 4650 de
1492 4583 1551 4652 via
1574 4604 1643 4673 que
1667 4587 1826 4654 continet
1846 4587 2053 4673 supradicte
2076 4607 2155 4655 cer-

292 4745 386 4821 tula,
413 4743 458 4810 ad
481 4741 657 4809 securiter
680 4743 716 4806 et
738 4740 889 4838 tirmiter
913 4758 973 4807 vos
996 4737 1156 4806 iamdicti
1179 4737 1344 4824 germani
1366 4740 1492 4824 petrns
1516 4741 1552 4804 et
1575 4729 1741 4816 amatae,
1778 4742 1816 4806 et
1837 4740 1965 4806 vestris
1988 4741 2152 4809 creditus

292 4897 467 4965 iamdicta
490 4899 613 4964 nostra
635 4895 858 4963 bendictione
881 4893 1056 4962 securiter
1079 4893 1228 4969 abeatis,
1247 4896 1283 4960 et
1307 4892 1448 4961 iacietis
1471 4894 1514 4960 de
1537 4911 1581 4958 ea
1604 4892 1766 5012 quicquit
1790 4893 1987 4972 bolueritis,
2016 4897 2150 4982 absque

286 5051 388 5119 omni
415 5054 539 5118 nostre
561 5052 598 5116 et
620 5049 663 5116 de
686 5049 817 5116 nostris
840 5047 1016 5124 eredibus,
1042 5051 1106 5115 aut
1128 5046 1295 5134 cuiquem
1318 5047 1518 5124 ominibus,
1544 5047 1801 5115 contrarietate
1824 5049 1881 5114 vel
1905 5047 2148 5134 requisitione.

294 5207 339 5272 Et
361 5206 508 5292 propter
530 5201 808 5270 confirmationis
825 5201 904 5268 uius
927 5203 1046 5269 nostre
1062 5201 1289 5270 bindictionis
1301 5202 1519 5288 suscepimus
1542 5201 1679 5268 evobis
1695 5201 1855 5268 iamdicti
1878 5200 1972 5288 petri
1987 5204 2024 5268 et
2039 5201 2150 5268 amati

289 5361 376 5429 auri
400 5357 472 5426 teri
495 5358 578 5426 boni
602 5361 691 5435 octo,
716 5358 810 5425 sicut
832 5357 927 5425 inter
950 5377 1013 5424 nos
1036 5357 1226 5434 combenit;
1250 5355 1421 5442 finitoque
1445 5355 1603 5441 pretium
1626 5353 1743 5441 ipsum
1768 5357 1856 5440 aput
1890 5374 1953 5422 nos
1976 5373 2020 5422 ee
2043 5354 2152 5422 retio-

294 5535 351 5594 ne‚
379 5533 443 5602 per
467 5513 729 5585 combenientie
752 5531 815 5579 nos
838 5510 998 5579 iamdicti
1021 5509 1121 5595 guoti
1144 5514 1181 5577 et
1204 5511 1258 5578 leo
1281 5509 1416 5595 guadia
1440 5508 1537 5577 vobis
1561 5508 1720 5576 iamdicti
1745 5507 1837 5595 petri
1860 5510 1897 5574 et
1919 5507 2031 5575 amati
2054 5507 2152 5575 dedi-

295 5691 386 5749 mus
412 5675 449 5738 et
472 5669 704 5738 mediatorem
729 5669 828 5735 vobis
850 5667 1030 5754 posuimus
1055 5667 1226 5733 iohannes
1249 5665 1344 5732 iilius
1368 5665 1547 5752 quondam
1573 5661 1720 5730 iohanni
1744 5661 2011 5748 capisurellum;
2029 5664 2066 5728 et
2088 5677 2153 5748 per

276 5825 372 5914 'ipsa
395 5825 529 5913 guadia
552 5824 788 5910 obligabimus
812 5841 875 5888 nos
898 5822 1077 5888 etnostris
1100 5817 1265 5886 eredibus
1288 5835 1428 5902 semper
1443 5817 1665 5884 defensemus
1688 5817 1786 5884 vobis
1809 5819 1846 5882 et
1868 5815 1914 5882 ad
1930 5815 2061 5882 vestris
2073 5832 2151 5882 ere·
2218 5901 2223 5910 Ι
