5398 7106
1010 537 1423 615 urruonrrrous
1857 495 1884 546 ¹
2034 537 2102 612 ns

325 731 356 824 ᾗ
376 737 565 812 ἀναστάσιος
585 733 653 838 uid<
674 737 768 802 lousd
787 737 974 823 τρωμάρχου
996 736 1113 822 μάρτυρ
1129 735 1199 800 uri·
1240 734 1370 820 cyrici,
1396 753 1489 802 anno
1512 735 1612 811 6561,
1639 735 1832 804 indictione
1857 736 1929 810 Vl,
1955 753 2075 802 coram
2100 737 2152 800 te-

287 856 407 944 γραψα.
1239 853 1353 922 stibus
1376 855 1436 943 qui
1463 855 1716 924 interfuerunt.

326 966 488 1058 Ῠλθῦκας
509 967 648 1049 offitii&
669 965 760 1032 αὺτοῦ
777 969 893 1052 μάρτυρ
913 965 1102 1052 imiimi&
1284 977 1311 1068 †
1334 980 1501 1046 Nicolaus
1525 981 1940 1068 praepositusOeramidi
1955 984 2056 1052 testis
2072 987 2152 1051 sub

276 1157 279 1166 ι
326 1073 753 1166 1[λὺωωτοςτοιίοὺρσίνου
775 1077 1089 1164 μάρτυρῦπέγραψα.
1239 1097 1380 1185 scripsi,
1438 1165 1444 1176 .

1283 1215 1311 1308 †
1334 1217 1535 1286 Theodorus
1547 1219 1835 1288 Protomandrita
1847 1221 2033 1289 Calabriae
2049 1223 2151 1290 testis
2210 1195 2211 1198 Ἴ

1238 1341 1444 1429 subscripsi.

1281 1465 1309 1558 †
1333 1469 1543 1536 Anastasius
1566 1471 1683 1538 Lucae
1699 1471 1908 1541 Tromarchi
1929 1471 2024 1539 illius
2047 1475 2151 1540 testis

1236 1584 1443 1670 subscripsi.

1280 1703 1308 1794 †
1331 1705 1443 1772 Lucas
1468 1707 1582 1772 irater
1604 1704 1717 1791 ipsius
1739 1706 1840 1773 testis
1862 1657 2070 1794 subscripsi.

1213 1823 1222 1901 ,l
1278 1820 1306 1914 †
1330 1825 1490 1890 Licastus
1514 1822 1635 1890 Ursini
1658 1824 1753 1892 iilius
1778 1826 1879 1894 testis
1902 1827 2110 1914 subscripsi.

1039 2170 1376 2254 MCLXXVI

1064 2419 1124 2494 A.
1153 2417 1212 2494 D.
1242 2417 1366 2492 1053

333 2685 360 2774 †
386 2688 422 2751 ln
448 2689 589 2752 nomine
614 2685 747 2752 domini
772 2685 978 2753 duodecimo
1005 2686 1033 2768 ¹)
1057 2705 1151 2752 anno
1175 2685 1397 2772 principatus
1421 2685 1539 2752 domni
1564 2685 1676 2752 nostri
1700 2686 1819 2774 gisulfi
1835 2685 1982 2772 gloriosi
2008 2685 2143 2772 princi·

291 2841 357 2928 pis,
384 2861 503 2908 meuse
530 2837 723 2920 februario,
741 2844 845 2910 sexta
869 2841 1076 2909 indictione.
1103 2841 1252 2928 Ideoque
1276 2860 1343 2926 ego
1368 2841 1484 2908 maria
1507 2841 1583 2908 illia
1608 2841 1785 2927 quondam
1810 2841 1971 2920 iohanni,
1987 2842 2150 2910 Glariflco

291 3015 348 3063 me
371 3015 479 3063 avere
504 2999 609 3063 rebus
634 2996 669 3062 in
694 2998 810 3062 locum
837 2996 988 3082 rutigini
1014 2995 1073 3062 ubi
1099 2994 1357 3062 nominatibum
1381 2994 1427 3062 ad
1451 2997 1590 3062 atrinee
1614 2994 1775 3071 dicitur,
1813 2995 1906 3082 quod
1929 2999 2014 3063 sunt
2037 2997 2144 3064 terris

289 3169 369 3219 cum
393 3151 507 3218 vineis
531 3156 567 3216 ct
590 3154 697 3218 terris
722 3151 856 3227 vacive,
882 3169 964 3217 cum
987 3150 1173 3235 aliquante
1198 3149 1342 3236 quercie
1358 3148 1578 3236 pertinentes
1595 3147 1704 3214 michi
1728 3149 1771 3215 de
1795 3149 1964 3216 iamdicto
1988 3151 2151 3236 genitori

293 3325 371 3374 meo
394 3325 459 3392 per
481 3309 602 3374 nostre
626 3305 789 3373 rationis.
830 3305 889 3372 Set
913 3307 953 3372 ut
974 3303 1168 3372 secundum
1191 3303 1252 3371 lex
1276 3322 1345 3390 que
1368 3303 1407 3370 in
1430 3303 1546 3370 edicto
1569 3303 1727 3389 capitulo
1762 3302 1921 3370 continet
1948 3303 1992 3370 de
2016 3304 2148 3371 mulier

290 3479 358 3548 que
382 3477 440 3526 res
463 3477 529 3528 sua
553 3459 707 3526 vendere
731 3457 898 3534 boluerit‚
925 3458 1048 3525 nonin
1065 3459 1289 3530 absconsum,
1308 3453 1378 3522 nisi
1402 3453 1440 3522 in
1464 3453 1649 3540 presentia
1671 3453 1796 3522 iudicis
1819 3473 1883 3521 seu
1899 3454 1967 3522 duo
1991 3457 2055 3522 aut
2072 3458 2144 3522 tres

288 3617 453 3702 parentes
477 3613 746 3700 propinquiores
769 3631 849 3680 suos
872 3629 991 3679 secum
1016 3611 1141 3686 avead‚
1158 3610 1260 3678 etsie
1285 3608 1438 3676 iudicem
1464 3612 1578 3695 roget,
1598 3608 1683 3696 quia
1699 3628 1765 3676 rex
1791 3627 1871 3678 mea
1894 3610 1973 3677 volo
1990 3610 2148 3678 vendere

288 3773 325 3834 et
348 3767 485 3834 nullam
510 3765 718 3833 violentiam
742 3773 779 3832 se
803 3762 881 3851 pati
905 3783 976 3832 non
1000 3764 1255 3832 reclamaverit
1279 3810 1286 3839 ,
1314 3763 1382 3830 nisi
1406 3765 1499 3832 bona
1523 3764 1708 3832 boluntate
1732 3781 1799 3830 sua
1821 3762 1900 3850 ipsa
1923 3781 1989 3830 rex
2012 3761 2151 3829 dixerit

292 3919 523 3996 venumdare,
540 3920 596 3986 set
618 3937 818 4004 congruum
842 3916 952 3984 michi
976 3920 1031 3984 est
1054 3919 1130 4004 ipsa
1155 3937 1234 3985 mea
1258 3919 1445 3986 declarata
1469 3922 1575 3987 rebus
1598 3918 1747 3987 vindere
1771 3920 1817 3987 ad
1840 3919 2061 4005 grimoaldus
2077 3919 2151 3987 cle-

290 4074 385 4142 ricus
407 4075 501 4142 lilius
525 4073 703 4160 quondam
719 4071 851 4140 nicolai
876 4071 1076 4158 presbyteri
1099 4076 1136 4141 et
1159 4073 1294 4142 abbati.
1320 4073 1473 4141 Proinde
1497 4075 1818 4162 convocaviterga
1841 4091 1898 4140 me
1922 4093 2026 4142 ursus
2049 4077 2150 4144 filius

290 4229 467 4316 quondam
491 4228 657 4307 conteri,
683 4228 823 4315 quiesi
845 4227 962 4295 virum
986 4231 1023 4295 et
1046 4228 1229 4296 mundoalt
1252 4229 1321 4297 mei
1341 4275 1350 4304 ‚
1383 4232 1524 4296 etcum
1548 4230 1629 4296 illos
1653 4229 1788 4316 pariter
1811 4229 2035 4315 perreximus
2060 4234 2146 4306 ante

1408 4335 1420 4360 .

292 4383 473 4470 presentia
496 4382 710 4451 landemarii
734 4381 861 4461 iudici,
886 4384 923 4450 et
946 4383 1128 4450 nobiscum
1152 4383 1291 4462 adesset
1315 4387 1388 4451 tres
1411 4385 1681 4471 propinquiores
1706 4387 1774 4451 mei
1799 4387 1992 4470 parentes,
2018 4387 2054 4451 et
2076 4404 2138 4471 pa-

291 4536 381 4604 riter
403 4546 484 4604 cu‘m
509 4537 581 4605 illis
605 4540 689 4605 ante
713 4537 829 4632 ipsum
854 4536 1020 4614 iudicem,
1046 4539 1083 4603 et
1105 4539 1192 4604 nota
1215 4536 1375 4614 fecimus,
1394 4537 1480 4624 quia
1504 4541 1609 4604 rebus
1634 4555 1714 4604 mea
1737 4537 1781 4604 de
1804 4537 1973 4605 iamdicto
1990 4539 2068 4604 loco
2086 4557 2147 4612 ru-=

290 4689 397 4776 tigini
420 4691 499 4758 uolo
524 4691 690 4768 uendere,
718 4694 810 4759 bona
832 4691 965 4757 etenim
989 4709 1070 4757 mea
1094 4690 1363 4766 remorasset
1386 4711 1450 4778 pro
1475 4692 1578 4758 nulla
1601 4690 1774 4759 violentia
1790 4691 1923 4777 aliquit
1946 4709 2002 4758 me
2030 4742 2037 4757 .
2068 4743 2075 4757 .
2107 4743 2113 4756 .
2138 4745 2145 4762 .

295 4847 400 4912 esset.
425 4847 543 4923 Quare
566 4845 680 4930 ipsum
705 4843 857 4912 iudicem
882 4845 973 4912 talia
997 4844 1177 4922 audiente,
1194 4844 1379 4914 licentiam
1405 4846 1514 4914 michi
1538 4845 1636 4913 dedit
1659 4845 1738 4932 ipsa
1762 4865 1841 4913 mea
1864 4845 2050 4913 declarata
2067 4845 2148 4912 red-

289 4998 374 5066 dere
398 4999 509 5086 ipsius
532 4999 724 5085 grimoaldi
748 4999 884 5075 clerici,
902 5003 938 5066 et
961 5001 1077 5086 ipsum
1102 5001 1218 5068 virum
1241 5004 1279 5068 et
1302 5001 1486 5070 mundoalt
1510 5021 1626 5069 meum
1650 5021 1730 5069 cum
1754 5001 1823 5086 ipsi
1846 5001 2015 5087 parentes
2037 4999 2078 5066 in
2094 5019 2136 5067 ac

291 5153 429 5221 cartula
452 5172 598 5221 manum
622 5156 845 5239 posuerunt,
882 5157 918 5220 et
940 5153 991 5220 sic
1015 5153 1125 5220 michi
1148 5154 1281 5222 exinde
1304 5159 1562 5222 consenserunt
1584 5154 1663 5241 ipsa
1687 5157 1793 5222 rebus
1823 5153 1992 5222 vindendi
2018 5170 2083 5242 per
2107 5173 2147 5222 ec

298 5306 391 5373 linis
418 5309 468 5375 Da
491 5325 564 5374 una
587 5309 702 5393 parte,
727 5306 821 5374 sicut
845 5305 987 5375 ballone
1009 5307 1183 5375 discernit
1206 5328 1229 5377 a
1251 5309 1348 5376 socia
1371 5329 1476 5395 quam
1502 5308 1631 5376 ividem
1667 5327 1690 5376 a
1713 5326 1797 5395 pars
1830 5306 1979 5375 orientis
2014 5308 2148 5385 retinet

288 5463 412 5530 eredes
436 5461 612 5550 quondam
638 5461 793 5528 mirandi
816 5480 896 5528 cum
921 5462 1143 5529 consortibus
1165 5461 1239 5528 suis
1258 5486 1266 5540 3
1292 5483 1314 5529 a
1338 5481 1421 5548 pars
1444 5459 1636 5542 occidentis
1659 5459 1853 5538 similiter,
1879 5459 1972 5528 sicut
1995 5462 2145 5540 ballone

327 5797 351 5876 ¹)
370 5797 482 5859 Potius
503 5797 687 5858 urtdecimo.
