5398 7106
1232 540 1239 560 ,
1279 501 1448 579 copul
1488 505 1745 586 cavensis

982 785 1130 923 j*··
1188 773 1787 893 ‘···MCXCV1**

1214 976 1216 982 '
1336 981 1659 1125 'nodoso

583 1273 588 1278 ⁵
613 1291 639 1382 †
664 1295 702 1360 ln
725 1295 869 1362 nomine
893 1295 1026 1364 domini
1050 1282 1297 1366 tertiodecimo
1322 1318 1416 1366 auno
1440 1259 1662 1388 principatus
1685 1299 1806 1368 domni
1831 1295 1944 1368 nostri
1959 1301 2091 1369 'Gisulil
2115 1300 2264 1387 gloriosi
2289 1301 2422 1388 priuci-

490 1449 491 1453 ’
568 1424 634 1534 pis,
661 1468 781 1516 mense
805 1451 961 1536 aprilis,
987 1453 1139 1538 septima
1164 1451 1371 1519 indictione.
1408 1450 1856 1522 Memoratorium'sactum
1881 1473 1903 1520 a
1927 1473 1989 1522 nos
2014 1455 2105 1520 mari
2130 1453 2225 1520 filius
2248 1454 2423 1541 quondam

569 1601 765 1672 dumnandi
790 1605 833 1672 de
858 1607 933 1672 loco
959 1607 1126 1683 nucerie,
1153 1610 1189 1674 et
1213 1609 1374 1676 muscato
1398 1606 1470 1673 tilio
1496 1571 1675 1694 quondam
1701 1607 1890 1682 radoaldi,
1917 1625 1958 1674 eo
1982 1607 2075 1694 quod
2099 1589 2219 1674 coram
2245 1607 2425 1693 presentia

564 1758 872 1856 domniiohannis
897 1731 1109 1828 venerabilis
1134 1761 1392 1848 archiepiscopi
1417 1762 1540 1829 sancte
1579 1761 1672 1828 sedis
1696 1759 2025 1847 archiepiscopatus
2055 1760 2161 1828 huius
2199 1763 2422 1829 salernitane

565 1911 734 1990 civitatis,
763 1915 799 1979 et
823 1932 942 1982 coram
967 1915 1114 2000 ydoneis
1138 1915 1354 1992 bominibus,
1373 1934 1438 2002 per
1462 1914 1763 1990 convenientiam,
1789 1933 1853 2001 per
1878 1888 2070 1982 iussionem
2096 1915 2207 2002 ipsius
2230 1915 2350 1982 domni
2365 1935 2423 1982 ar-

566 2067 811 2156 chiepiscopi,
846 2090 910 2155 pro
934 2073 1037 2156 parte
1062 2072 1298 2157 suprascripti
1321 2070 1595 2156 archiepiscopii
1620 2069 1833 2136 tradidimus
1858 2070 1959 2136 nobis
1984 2069 2167 2154 iaquintus
2191 2071 2345 2136 clericus
2369 2071 2422 2136 iu·

566 2227 708 2310 tegram
733 2225 877 2291 tertiam
902 2229 1041 2312 partem
1066 2226 1109 2291 de
1134 2227 1233 2292 terra
1258 2245 1337 2292 cum
1364 2227 1511 2293 arbusto
1537 2225 1741 2311 pertinente
1766 2223 1876 2309 ipsius
1901 2221 2186 2310 archiepiscopii,
2212 2242 2280 2310 que
2308 2227 2417 2289 estin

561 2381 635 2446 loco
659 2379 734 2465 ipso
759 2382 916 2458 nucerio,
943 2380 1003 2447 ubi
1027 2381 1182 2446 floccano
1207 2379 1350 2456 dicitur,
1377 2382 1413 2445 et
1436 2383 1490 2446 est
1515 2381 1590 2446 tota
1613 2379 1691 2466 ipsa
1714 2381 1814 2445 terra
1837 2398 1901 2465 per
1924 2380 2011 2445 lines
2035 2381 2071 2445 et
2096 2397 2293 2452 mensuras,
2323 2383 2414 2446 iusto

559 2553 666 2621 passu
692 2535 845 2602 bominis
870 2537 1091 2608 mensurata3
1119 2537 1165 2600 Da
1190 2554 1263 2601 una
1287 2539 1390 2620 parte
1414 2535 1484 2600 line
1509 2534 1568 2601 via
1591 2535 1735 2620 puplica
1758 2554 1827 2620 que
1852 2533 1948 2600 ducit
1971 2534 2014 2601 ad
2038 2532 2145 2608 stabi,
2172 2539 2224 2600 est
2250 2531 2332 2598 iude
2356 2551 2419 2618 per

559 2689 789 2756 latitudinem
813 2691 909 2776 passi
933 2690 1166 2790 septuaginta
1192 2691 1391 2776 quattuor:
1419 2692 1466 2755 De
1491 2681 1566 2755 alia
1590 2708 1673 2754 vero
1698 2691 1801 2774 parte
1823 2689 1892 2754 fine
1917 2687 1990 2754 alia
2015 2687 2100 2762 bia,
2136 2705 2204 2772 que
2228 2687 2417 2770 coniungit

558 2866 638 2912 oum
663 2845 741 2932 ipsa
766 2845 825 2912 via
844 2845 1004 2931 puplica,
1031 2846 1085 2910 est
1110 2840 1190 2909 inde
1213 2844 1381 2910 similiter
1406 2863 1469 2929 per
1493 2843 1724 2910 latitudinem
1748 2843 1843 2928 passi
1866 2843 2051 2927 octoginta
2074 2842 2162 2917 duo;
2189 2843 2225 2907 et
2250 2860 2312 2926 par
2336 2841 2411 2905 lon-

562 2997 763 3084 gitudinem
788 2999 842 3063 est
866 2999 912 3062 ab
936 2996 1013 3083 ipsa
1036 2997 1095 3062 via
1120 2997 1265 3082 puplica
1289 3003 1325 3062 et
1350 3014 1460 3082 usque
1484 2997 1562 3082 ipsa
1586 2997 1659 3063 alia
1684 2997 1755 3064 via.
1797 2999 1844 3064 lle
1883 2995 2055 3064 iamdicta
2090 3015 2173 3061 vero
2213 2997 2313 3060 terra
2349 3011 2413 3078 per

558 3147 752 3218 iamdictas
775 3151 862 3216 fines
887 3153 923 3216 et
947 3169 1134 3216 mensuras
1159 3151 1233 3236 ipse
1258 3147 1442 3237 iaquiutus
1465 3150 1619 3218 tradidit
1643 3151 1741 3218 nobis
1766 3149 1948 3236 integram
1975 3151 2124 3217 tertiam
2151 3151 2303 3236 partem,
2330 3167 2416 3234 qua-

456 3292 462 3302 “
560 3305 646 3370 liter
669 3305 752 3371 illut
776 3322 842 3389 ego
866 3304 1048 3390 predictus
1073 3273 1178 3369 mari.
1204 3301 1248 3368 de
1272 3306 1382 3371 antea
1406 3323 1470 3389 per
1495 3306 1638 3371 brebem
1664 3324 1686 3370 a
1710 3307 1813 3390 parte
1829 3304 1982 3390 predicti
1999 3303 2272 3390 archiepiscopii
2297 3306 2410 3380 tenui,

559 3461 596 3525 et
619 3433 713 3525 nunc
738 3459 854 3545 ipsum
880 3461 1023 3537 brebem
1051 3458 1170 3524 remisi
1196 3478 1261 3542 ego
1286 3457 1467 3544 predictus
1491 3459 1583 3526 mari
1616 3459 1660 3524 ad
1686 3463 1823 3544 partem
1864 3459 2015 3544 predicti
2053 3457 2324 3543 archiepiscopii
2362 3459 2411 3523 fa-

555 3613 719 3680 ciendum
745 3615 838 3701 quod
865 3614 1029 3680 voluerit.
1070 3633 1136 3699 ego
1161 3611 1344 3700 predictus
1368 3615 1527 3680 musceto
1552 3616 1589 3679 in
1615 3614 1795 3698 integrum
1822 3633 1929 3679 unam
1954 3613 2234 3698 suprascriptam
2263 3614 2407 3678 tertiam

552 3773 692 3854 partem
719 3788 764 3834 ex
790 3769 868 3855 ipsa
892 3772 993 3834 terra
1017 3786 1081 3853 per
1106 3770 1249 3835 brebem
1274 3777 1296 3833 a
1319 3786 1403 3853 pars
1427 3767 1538 3852 ipsius
1562 3767 1836 3856 archiepiscopii
1860 3771 1975 3840 teneo,
2002 3787 2045 3834 ea
2070 3737 2222 3842 ratione,
2251 3771 2289 3832 ut
2315 3767 2407 3832 inte·

526 3955 529 3961 ·
551 3943 655 4008 gram
680 3924 795 4009 ipsam
822 3925 957 3989 terram
982 3923 1140 4010 qualiter
1165 3923 1287 3998 illam,
1315 3926 1354 3988 ut
1378 3923 1513 3989 dictum
1537 3925 1618 3998 est,
1644 3923 1718 4008 ipse
1743 3921 1926 4009 iaquintus
1951 3925 2051 3989 nobis
2076 3921 2228 3988 tradidi
2252 3921 2295 3988 de
2320 3920 2407 3986 iam-

553 4077 651 4145 dicta
676 4079 775 4144 terra
799 4096 864 4163 per
889 4076 1080 4144 iamdictas
1102 4078 1191 4144 fines
1216 4079 1454 4152 mensuratas,
1482 4077 1614 4143 Amodo
1649 4081 1685 4143 et
1708 4037 1849 4162 semper
1873 4079 1918 4144 ad
1944 4080 2101 4144 nostram
2143 4081 2179 4142 et
2209 4079 2252 4144 de
2276 4049 2406 4143 nostr'is
2493 4155 2500 4168 ¹

549 4229 743 4298 heredibus
767 4231 841 4296 sint
864 4232 1040 4316 potestate
1065 4230 1167 4297 illam
1193 4229 1399 4305 tenendum,
1425 4230 1696 4337 dominandum,
1717 4234 1836 4298 fobeas
1861 4234 1898 4298 et
1920 4232 2035 4298 omnis
2061 4235 2206 4298 nostras
2230 4229 2405 4298 utilitates

548 4385 644 4452 iusta
669 4383 844 4451 rationem
870 4381 919 4450 ibi
944 4382 1131 4456 faciamus,
1158 4386 1194 4447 et
1220 4383 1311 4448 unde
1336 4383 1510 4450 meruerit
1534 4384 1636 4450 illam
1661 4386 1798 4452 clusam
1824 4387 1951 4452 bonam
1976 4404 2118 4472 semper
2143 4387 2351 4462 haveamus‚
2369 4390 2404 4450 et

547 4541 640 4609 sicut
666 4538 839 4606 meruerit
863 4537 1001 4605 salbam
1026 4537 1125 4603 illam
1143 4555 1282 4623 semper
1306 4539 1502 4604 havenmus
1518 4541 1622 4629 bona,
1638 4543 1675 4605 et
1698 4541 1822 4606 autoilo
1847 4542 1883 4606 et
1906 4559 2048 4627 semper
2063 4543 2138 4608 tota
2157 4539 2401 4627 suprascripta

549 4657 696 4762 traditio
720 4651 816 4761 omui
841 4713 936 4761 anno
960 4691 1134 4779 desuper
1158 4694 1194 4760 et
1217 4692 1260 4758 de
1284 4695 1408 4779 supter
1433 4694 1648 4770 lavoremus
1675 4697 1712 4760 et
1734 4695 1943 4770 studiemus,
1969 4696 2064 4762 sicut
2089 4696 2277 4774 meruerit,
2294 4699 2332 4762 et
2346 4714 2404 4762 ara

552 4853 654 4916 bores
677 4853 714 4915 et
737 4849 828 4915 vites
851 4848 895 4915 de
920 4851 1011 4916 bono
1036 4847 1169 4914 bitineo
1196 4846 1327 4914 ibidem
1351 4847 1554 4933 plantemus
1578 4851 1614 4914 et
1637 4848 1927 4935 propaginemus,
1953 4847 2048 4918 sicut
2071 4850 2268 4928 meruerit,
2294 4855 2330 4918 et
2352 4851 2399 4917 sic

553 5008 630 5070 tota
653 5003 899 5088 suprascripta
923 5002 1083 5079 traditio,
1097 5005 1150 5069 ut
1174 5001 1310 5069 dictum
1334 5003 1400 5078 est,
1427 5003 1629 5069 lavoremus
1652 5005 1689 5068 et
1712 5003 1888 5070 cultemus
1911 5004 2024 5080 bona,
2056 5005 2096 5070 ut
2119 5003 2247 5070 cotidie
2270 5004 2308 5071 in
2331 5023 2399 5072 me

545 5134 633 5224 lius
641 5157 805 5244 proficiat
827 5162 865 5226 et
888 5179 956 5226 non
980 5157 1174 5245 dispereat,
1192 5160 1228 5224 et
1251 5155 1390 5244 semper
1414 5156 1545 5224 ibidem
1570 5159 1702 5224 haveat
1726 5160 1912 5224 arbustum
1931 5159 2059 5226 bonum
2084 5157 2128 5224 de
2153 5161 2244 5226 bono
2267 5159 2397 5228 vitineo

480 5374 489 5390 ,
544 5314 683 5379 surtum
707 5316 743 5378 et
766 5295 981 5399 operatum,
1018 5314 1054 5378 et
1077 5311 1202 5397 amodo
1227 5314 1264 5378 et
1286 5330 1427 5398 semper
1449 5311 1546 5378 omni
1571 5330 1665 5380 anno
1690 5315 1772 5400 apto
1796 5315 1956 5400 tempore
1979 5313 2231 5400 suprascripta
2254 5315 2396 5380 traditio

510 5483 516 5496 ·
542 5468 757 5535 seminemus
781 5467 975 5535 sementem
1000 5467 1107 5556 quale
1131 5465 1181 5535 ibi
1206 5469 1391 5543 meruerim
1406 5469 1443 5534 et
1465 5469 1580 5534 omnis
1599 5468 1739 5535 lavores
1763 5487 1852 5555 quas
1875 5468 1914 5536 in
1936 5469 2186 5558 suprascripta
2201 5469 2391 5538 traditione

542 5623 720 5691 seminata
744 5620 864 5698 fuerit,
890 5623 972 5708 apto
995 5623 1155 5707 tempore
1178 5620 1389 5707 studiemus,
1413 5621 1507 5688 sicut
1529 5626 1720 5698 meruerit,
1746 5628 1783 5690 et
1804 5643 1946 5712 semper
1970 5643 2034 5714 par
2057 5627 2222 5713 tempore
2247 5625 2291 5692 de
2314 5642 2395 5692 aree

541 5777 578 5844 et
601 5775 645 5842 de
669 5774 850 5844 vindemie
874 5774 1049 5842 faciamus
1073 5773 1168 5842 scire
1192 5792 1278 5861 pars
1301 5749 1455 5861 predicti
1480 5774 1766 5866 archiepiscopii,
1785 5779 1826 5844 ut
1848 5777 1936 5846 illuc
1962 5779 2106 5846 missum
2123 5777 2272 5866 dirigat,
2286 5782 2323 5848 et
2337 5797 2397 5848 nos
