5454 7104
1280 479 1456 554 connx
1488 423 1749 552 carnosis

1358 783 1651 866 MCXXIX

1354 1067 1415 1143 A.
1442 1065 1499 1142 D.
1528 1066 1654 1143 1050

621 1465 648 1558 †
674 1469 712 1534 ln
736 1467 878 1536 nomine
901 1466 1035 1534 domini
1061 1465 1242 1533 tricesimo
1257 1467 1412 1534 secundo
1435 1485 1530 1535 anno
1553 1466 1778 1556 principatus
1793 1465 1913 1534 domni
1938 1464 2050 1533 nostri
2078 1464 2258 1552 guaimari
2281 1463 2436 1551 glorioso

583 1627 770 1709 princeps,
795 1626 833 1691 et
856 1621 1041 1691 undecimo
1064 1641 1158 1691 anno
1181 1623 1331 1690 ducatus
1354 1620 1452 1688 illius
1475 1621 1596 1688 amalfi
1618 1623 1655 1686 et
1676 1620 1848 1699 surrenti,
1865 1623 1902 1687 et
1925 1621 2075 1688 hoctabo
2094 1639 2188 1688 anno
2211 1616 2436 1706 principatus

576 1781 616 1845 et
638 1779 792 1848 ducatus
814 1779 935 1848 domni
958 1777 1075 1866 gisolfi
1098 1775 1214 1848 esimii
1238 1779 1410 1866 principis
1433 1781 1469 1845 et
1492 1777 1575 1846 duci
1596 1775 1662 1844 fflii
1685 1775 1782 1852 eius,
1808 1791 1929 1842 mense
1952 1773 2179 1852 februariuS,
2211 1773 2322 1842 tertia
2344 1773 2438 1842 indi-

578 1935 711 2003 ctione.
737 1932 1028 2002 Memoratorium
1053 1935 1186 2001 lactum
1203 1951 1225 1999 a
1240 1951 1297 2000 me
1322 1933 1495 1999 lohannes
1510 1929 1644 1998 domini
1659 1929 1781 2016 gratia
1804 1928 2025 1998 venerabilis
2040 1932 2151 1998 abbas
2166 1949 2213 1996 cx
2228 1929 2437 1998 monasterii

579 2093 708 2156 sancte
724 2089 819 2166 solie,
838 2087 931 2175 quod
948 2091 1038 2154 nobo
1062 2086 1271 2154 tundamine
1294 2086 1497 2154 construxit
1520 2085 1698 2174 quondam
1722 2085 1875 2173 guaiferi
1892 2103 2009 2154 comes
2024 2084 2119 2152 illius
2142 2085 2319 2173 quondam
2335 2087 2439 2172 guai-

580 2243 652 2310 ieri
675 2241 814 2311 comitis
836 2243 875 2312 in
899 2245 1005 2311 rebus
1027 2260 1093 2308 sua
1116 2241 1160 2308 de
1184 2241 1282 2308 intus
1305 2240 1401 2308 cives
1423 2239 1583 2318 salerni,
1610 2243 1659 2309 Eo
1683 2241 1773 2328 quod
1797 2243 1880 2310 ante
1903 2237 2096 2326 subscripti
2119 2237 2255 2308 idoneis
2277 2240 2438 2307 homines

580 2415 645 2484 per
668 2397 929 2466 combenientia
952 2397 1104 2466 tradidit
1126 2395 1203 2463 vioe
1227 2396 1338 2484 ipsius
1362 2395 1583 2472 monasterii,
1609 2415 1717 2482 quam
1740 2399 1778 2462 et
1800 2414 1864 2482 pro
1888 2413 1972 2482 pars
1995 2397 2032 2462 et
2051 2394 2128 2462 vice
2144 2396 2285 2462 Gemma
2309 2393 2438 2462 relicta

529 2601 532 2608 .
577 2551 691 2640 ipsius
714 2551 870 2638 guaiferi
894 2551 1046 2629 comitis,
1074 2569 1143 2640 que
1168 2551 1243 2638 ipso
1267 2547 1483 2618 monasterio
1506 2548 1721 2626 construxit,
1738 2551 1775 2617 et
1789 2547 1865 2616 fllia
1887 2547 2065 2635 quondam
2082 2547 2264 2634 guaimari
2284 2547 2435 2626 comitis,

576 2705 689 2774 ciceri
710 2706 784 2774 fllio
807 2705 901 2773 idem
926 2705 1035 2774 ciceri
1058 2706 1102 2772 de
1125 2707 1242 2773 locum
1265 2704 1407 2772 sianum
1433 2724 1506 2772 una
1529 2703 1632 2792 pecia
1655 2704 1699 2772 de
1714 2707 1815 2772 terra
1837 2723 1919 2772 cum
1942 2703 2182 2772 castanietnm
2198 2703 2439 2792 pertinentem

580 2861 740 2950 predicto
767 2859 984 2928 monasterio
1007 2863 1044 2927 et
1067 2860 1178 2947 ipsius
1202 2879 1342 2946 gemme
1366 2861 1404 2926 in
1428 2859 1630 2946 predictum
1655 2859 1772 2926 locum
1795 2858 1958 2936 sianum,
1984 2859 2022 2927 in
2046 2861 2121 2946 ipso
2144 2861 2262 2927 monte
2286 2878 2308 2925 a
2330 2876 2438 2945 super

573 2974 656 3100 ipsa
679 3017 781 3082 curte
805 3014 955 3102 predicti
981 3013 1204 3090 monasterii,
1230 3031 1299 3100 que
1322 3014 1377 3079 est
1399 3017 1495 3078 terra
1518 3031 1599 3080 cum
1623 3013 1811 3080 arbustum
1834 3015 1871 3079 et
1893 3012 2120 3100 aliquantum
2143 3012 2328 3080 insitetum
2345 3011 2437 3100 quod

582 3169 717 3236 retinet
740 3167 962 3236 domnandus
985 3185 1178 3252 germanus
1201 3167 1314 3254 ipsius
1336 3167 1458 3244 ciceri,
1484 3187 1553 3256 que
1576 3169 1631 3235 est
1654 3167 1733 3253 ipsa
1755 3165 1857 3253 pecia
1879 3165 1924 3234 de
1945 3167 2046 3234 terra
2070 3185 2149 3233 cum
2174 3165 2437 3234 castanientum

579 3342 648 3410 per
671 3343 711 3390 ec
734 3321 827 3390 finis:
852 3323 896 3390 de
920 3325 1045 3390 subtus
1069 3341 1091 3390 a
1115 3339 1200 3408 pars
1223 3323 1489 3410 septemtrionis
1511 3323 1580 3388 fine
1605 3321 1716 3408 ipsius
1739 3318 1960 3398 monasterii,
1986 3323 2026 3387 ut
2048 3319 2218 3398 diximus,
2236 3320 2328 3408 quod
2354 3320 2439 3388 reti-

581 3481 643 3545 net
667 3477 742 3564 ipse
765 3475 999 3553 domnandus,
1025 3473 1109 3543 inde
1132 3477 1217 3541 sunt
1239 3474 1335 3561 passi
1359 3474 1490 3559 viginti
1514 3478 1551 3542 et
1573 3473 1655 3542 duo:
1680 3477 1727 3542 ab
1748 3473 1931 3542 occidente
1951 3477 1988 3542 et
2004 3476 2050 3542 ab
2072 3473 2210 3542 criente
2234 3475 2303 3542 fine
2326 3474 2438 3560 ipsius
2465 3505 2478 3522 =

584 3631 806 3699 monasterii:
832 3629 875 3698 de
899 3649 1006 3717 super
1029 3631 1097 3698 fine
1121 3628 1240 3697 media
1262 3648 1376 3696 serra.
1403 3631 1442 3695 ln
1458 3646 1499 3696 oc
1515 3628 1701 3696 hordinem
1725 3628 1812 3696 illut
1833 3629 1945 3717 ipsius
1960 3589 2120 3717 predicto
2143 3629 2253 3698 ciceri
2273 3631 2435 3700 tradidit.

580 3787 621 3853 ut
644 3785 768 3853 amodo
791 3789 829 3853 et
851 3801 991 3872 semper
1014 3787 1091 3852 tota
1114 3786 1151 3851 et
1173 3783 1304 3851 inclita
1327 3783 1405 3869 ipsa
1427 3783 1675 3870 suprascripta
1699 3782 1866 3851 tradictio
1897 3803 1962 3868 per
1985 3783 2154 3852 iamdicta
2177 3785 2257 3852 finis
2280 3787 2317 3852 et
2341 3804 2438 3852 men-

579 3941 692 4017 sune,
718 3943 820 4010 natos
843 3944 1042 4018 nascentes,
1069 3940 1114 4008 ad
1137 3958 1238 4008 suam
1262 3941 1299 4006 et
1314 3939 1358 4008 de
1373 3939 1447 4006 suis
1469 3939 1634 4006 eredibus
1657 3939 1727 4007 sint
1749 3941 1959 4026 potestatem
1983 3943 2106 4009 tenere
2130 3945 2166 4010 et
2188 3941 2384 4018 dominare,
2402 3952 2439 4010 et

579 4094 680 4160 fovee
704 4095 741 4159 et
763 4091 877 4160 omnis
899 4111 962 4160 sue
986 4091 1155 4160 utilitatis
1178 4091 1274 4159 iusta
1297 4093 1474 4158 rationem
1497 4090 1629 4160 ibidem
1653 4093 1792 4168 lacere,
1817 4091 1911 4158 sicut
1933 4091 2127 4168 meruerit,
2160 4095 2197 4158 et
2220 4095 2330 4160 totum
2356 4093 2439 4161 illut

578 4263 767 4331 scampare
790 4246 827 4313 et
850 4247 1036 4321 lavorare,
1062 4247 1118 4322 et,
1145 4244 1205 4312 ubi
1228 4243 1424 4320 meruerit,
1449 4243 1546 4311 inira
1569 4243 1654 4311 illut
1677 4246 1820 4331 plantas
1843 4243 1887 4312 de
1910 4245 2071 4312 castanei
2094 4246 2225 4314 ibidem
2248 4247 2435 4334 plantare,

580 4399 678 4468 sicut
701 4401 887 4476 meruerit,
915 4403 954 4466 ut
979 4403 1106 4466 bonum
1130 4400 1259 4486 pareat
1280 4398 1484 4464 laboratum
1500 4401 1537 4464 et
1559 4399 1794 4484 scampatum‚
1811 4397 1905 4466 sicut
1928 4399 2176 4476 meruerit,'ut
2199 4401 2388 4486 proficiant
2403 4407 2440 4468 et

574 4561 653 4622 'non
678 4555 895 4642 dispereant,
921 4557 958 4622 et
980 4555 1121 4622 salbum
1145 4553 1278 4630 faciat,
1304 4553 1398 4620 sicut
1420 4552 1534 4620 decet.
1562 4555 1606 4620 Et
1630 4572 1694 4639 per
1717 4553 1832 4620 omnis
1855 4533 1989 4621 annum
2013 4573 2076 4622 suo
2100 4557 2259 4641 tempore
2282 4555 2358 4642 ipso
2381 4575 2440 4623 ca÷

580 4710 778 4779 stanietum
802 4709 1072 4779 rationaviliter
1096 4708 1268 4794 colligere
1290 4709 1328 4776 et
1349 4725 1493 4776 seccare
1517 4726 1633 4778 vone,
1658 4707 1752 4774 sicut
1774 4709 1971 4786 meruerit,
1996 4713 2033 4776 et
2056 4710 2192 4778 iaciant
2216 4711 2278 4778 ille
2302 4714 2339 4778 et
2361 4711 2438 4778 eius

577 4864 706 4932 eredes
729 4863 820 4932 scire
844 4882 929 4950 pars
954 4864 1064 4949 ipsius
1087 4863 1309 4940 monasterii,
1336 4864 1377 4931 ut
1400 4861 1532 4930 ibidem
1556 4861 1693 4948 dirigat
1717 4861 1863 4931 missum
1887 4883 2004 4942 suum,
2023 4867 2060 4932 et
2080 4885 2202 4936 omnes
2226 4865 2301 4952 ipse
2324 4869 2440 4934 casta·

580 5035 648 5084 nee
674 5036 782 5089 seoce,
797 5037 861 5104 per
886 5017 1115 5085 medietatem
1140 5018 1316 5085 dividant:
1334 5016 1451 5103 ipsum
1476 5017 1621 5084 missum
1645 5017 1750 5086 tollat
1772 5017 1856 5084 inde
1879 5017 1923 5084 de
1945 5037 2068 5087 omnes
2092 5019 2166 5106 ipse
2183 5023 2350 5088 castanee
2368 5040 2441 5088 me-

580 5171 766 5247 dietatem,
792 5175 829 5237 et
853 5172 915 5238 ille
938 5171 1074 5238 eteius
1098 5171 1221 5238 eredes
1245 5171 1485 5248 medietatem,
1511 5175 1548 5238 et
1570 5171 1687 5258 ipsum
1711 5169 1855 5239 missum
1880 5175 2055 5250 nostrum,
2080 5193 2161 5241 cum
2185 5195 2254 5263 quo
2278 5175 2353 5263 ipse
2381 5197 2441 5245 ca-

582 5327 710 5390 stanea
734 5323 916 5400 dividerit,
942 5343 1025 5390 eum
1049 5327 1252 5400 nutricare,
1277 5323 1371 5392 sicut
1392 5323 1526 5392 iustum
1550 5325 1671 5392 luerit.
1698 5327 1743 5392 ut
1765 5325 1809 5393 de
1832 5327 1925 5413 quod
1948 5327 2157 5396 annualiter
2183 5329 2312 5397 ibidem
2335 5331 2441 5399 semi-

586 5478 749 5554 naberit,
775 5477 885 5544 deant
908 5476 993 5544 inde
1017 5475 1228 5546 terraticum
1253 5474 1297 5544 ad
1321 5477 1437 5563 ipsum
1460 5477 1607 5546 missum
1631 5479 1782 5566 predicti
1807 5481 2047 5574 monasterio,
2072 5481 2266 5550 secundum
2290 5501 2435 5551 consue·

468 5681 472 5688 .
581 5631 741 5698 tudinem
764 5633 808 5700 de
832 5628 905 5718 ipso
929 5633 1056 5698 locum.
1096 5634 1140 5698 Et
1163 5631 1269 5719 quale
1293 5635 1451 5720 tempore
1475 5632 1538 5702 ille
1561 5638 1598 5702 et
1621 5635 1695 5703 suis
1717 5636 1884 5704 eredibus
1906 5637 1985 5723 ipsa
2019 5637 2226 5724 supradicta
2262 5637 2428 5706 tradictio

581 5791 703 5854 tenere
727 5791 763 5854 et
787 5789 952 5854 laborare
977 5807 1046 5854 non
1071 5783 1249 5864 boluerit,
1275 5792 1432 5856 autnon
1456 5790 1632 5876 potuerit,
1659 5789 1825 5858 inclitum
1849 5790 1932 5858 illut
1956 5791 2157 5858 laboratum
2182 5795 2218 5858 et
2241 5793 2431 5864 cultarum,
