5452 7108
994 543 1426 620 6666666666
1573 493 1578 502 ’
2063 541 2107 620 tu

305 739 421 830 ipsum
444 712 760 812 iohannes'iudex.
786 746 885 814 Modo
909 745 1093 824 autemut
1115 743 1282 823 diximus,
1302 745 1386 812 ante
1410 764 1466 811 me
1490 743 1607 830 ipsum
1623 743 1746 830 petrus
1768 738 1922 807 clericus
1945 739 1988 806 16
2012 731 2157 802 6666616

304 895 400 964 lilius
423 894 534 983 ipsius
558 895 749 975 iohannis,
786 901 847 984 qui
869 901 947 985 ipsa
971 901 1073 966 rebus
1107 898 1309 985 peripsum
1333 899 1477 964 brebem
1501 895 1546 964 ad
1570 893 1830 986 pastenandum
1864 897 1902 958 et
1923 891 2157 961 lavorandum
2292 982 2294 986 .

304 1069 519 1137 comparare
542 1051 680 1130 habuit,
705 1071 785 1118 cum
810 1051 924 1138 ipsum
948 1053 1003 1118 lec
1027 1053 1219 1120 monachus
1242 1053 1280 1118 61
1301 1049 1502 1138 6666661166
1525 1047 1705 1116 666166611
1738 1050 1822 1114 6661
1855 1045 1972 1133 ipsum
2004 1047 2060 1112 leo
2081 1060 2158 1131 'pro

247 1217 251 1224 “
299 1221 393 1288 pars
416 1201 459 1268 16
483 1203 588 1268 amba
611 1202 689 1288 ipsa
711 1200 952 1281 monasteria,
989 1207 1025 1272 61
1048 1224 1112 1292 666
1135 1203 1403 1272 absolutionem
1419 1202 1543 1270 domni
1567 1200 1732 1268 adelferii
1755 1195 1951 1270 bonerabill
1974 1198 2095 1266 abbati
2118 1199 2161 1264 de

300 1355 552 1444 suprascripta
577 1358 818 1436 monasteria,
844 1363 880 1425 et
903 1360 977 1446 ipse
1000 1363 1123 1445 petrus
1146 1360 1297 1428 clericus
1320 1359 1414 1428 tilius
1441 1356 1555 1443 ipsius
1579 1355 1752 1434 iohanni,
1778 1376 1842 1443 per
1865 1353 2160 1424 combenientiam

306 1511 495 1578 remiserat
517 1511 628 1597 ipsius
652 1513 746 1580 leoni
771 1513 937 1580 monachi
960 1513 1157 1600 predictum
1181 1512 1296 1599 ipsum
1321 1514 1479 1598 brebem,
1505 1511 1551 1578 ad
1576 1511 1783 1578 iaciendum
1808 1509 1890 1576 inde
1913 1527 1997 1596 pars
2020 1509 2063 1575 de
2086 1507 2163 1594 ipsa

306 1665 546 1744 monasteria,
572 1667 665 1755 quod
689 1668 893 1744 volucrint3
920 1670 956 1735 et
979 1666 1054 1752 ipse
1077 1667 1131 1732 166
1154 1669 1348 1736 monachus
1372 1669 1409 1733 et
1434 1665 1637 1752 prepositus
1660 1665 1791 1732 iterum
1814 1683 1879 1751 per
1902 1661 2160 1732 combenientia

298 1837 369 1905 per
393 1819 649 1888 absolutionem
674 1821 784 1908 ipsius
809 1823 928 1890 domni
951 1822 1114 1891 616116611
1139 1821 1272 1899 abbati,
1289 1839 1353 1906 pro
1377 1839 1461 1906 pars
1484 1820 1528 1886 de
1551 1819 1630 1906 ipsa
1653 1819 1871 1886 monasteria
1887 1817 2036 1886 tradidit
2050 1817 2160 1904 ipsius
2216 1867 2219 1874 .

303 1973 397 2060 petri
422 1975 545 2042 clerici
567 1973 631 2042 tilii
655 1974 806 2062 predicti
830 1975 973 2042 iohanni
995 1976 1038 2042 16
1063 1973 1217 2050 6666616,
1242 1991 1363 2042 66666
1387 1991 1468 2039 666
1490 1971 1671 2058 presentia
1696 1973 1839 2040 stante
1863 1970 2071 2057 subscriptis
2087 1969 2161 2037 ido·

302 2129 379 2196 neis
405 2125 630 2207 hominibus,
661 2129 841 2216 integram
865 2129 978 2218 ipsam
1001 2129 1138 2217 peciam
1163 2131 1432 2198 1616666666
1456 2129 1715 2196 abellanietum
1739 2147 1803 2213 per
1825 2127 2049 2214 supradictas
2073 2127 2160 2194 11666

304 2285 343 2350 61
366 2301 564 2358 mensuram
591 2283 629 2350 in
652 2283 718 2351 tali
740 2283 877 2360 ordine,
893 2286 932 2349 ut
954 2303 994 2350 oc
1018 2303 1112 2352 anno
1134 2283 1197 2350 1116
1220 2285 1257 2350 61
1279 2301 1360 2350 6666
1384 2283 1535 2350 heredes
1559 2281 1745 2350 abscidant
1767 2281 1848 2348 indo
1864 2281 1939 2368 1666
1962 2282 2158 2354 6166116666,

305 2439 343 2504 61
366 2437 532 2506 dividant
555 2439 633 2526 ipsa
656 2439 855 2525 lignamina
877 2439 920 2506 de
942 2439 1018 2526 1666
1041 2439 1205 2506 abellane
1229 2437 1359 2505 ibidem
1383 2455 1447 2524 per
1472 2437 1699 2506 medietatem
1718 2461 1726 2514 ;
1761 2456 1844 2524 6666
1868 2437 2019 2523 predicti
2043 2455 2163 2505 mona-

300 2594 412 2661 steria
435 2595 544 2660 tollat
566 2595 610 2661 16
633 2593 711 2681 1666
733 2593 933 2680 lignamina
956 2593 1085 2660 ibidem
1110 2591 1355 2668 medietatem,
1380 2594 1417 2658 et
1440 2592 1516 2679 ipse
1539 2596 1662 2679 petrus
1685 2592 1839 2659 clericus
1861 2593 1955 2660 illius
1979 2592 2089 2679 ipsius
2113 2591 2162 2658 io-

304 2751 417 2818 hanni
443 2750 551 2818 tollat
572 2749 639 2817 sivi
663 2750 740 2837 ipsa
764 2750 837 2816 alia
861 2748 1035 2836 reliquam
1060 2748 1287 2816 medietatem
1311 2747 1354 2814 de
1377 2745 1456 2834 ipsa
1479 2747 1707 2832 lignamina,
1733 2744 1933 2815 laciendum
1956 2767 2020 2834 per
2043 2750 2162 2834 partes
2258 2809 2262 2816 .

302 2903 346 2972 de
370 2902 449 2990 ipsa
472 2921 538 2970 sua
562 2905 716 2970 sortione
740 2903 783 2969 16
806 2903 884 2988 ipsa
906 2902 1116 2988 lignamina,
1135 2901 1225 2988 quod
1249 2901 1413 2980 volucrit3
1432 2903 1468 2967 61
1490 2901 1615 2968 66616
1639 2903 1675 2966 61
1703 2901 1990 2987 6666661661116
2014 2902 2090 2988 1666
2105 2920 2162 2968 66-

307 3057 510 3144 trascripta
533 3055 726 3124 traditione
750 3058 795 3124 61
818 3075 883 3124 666
906 3060 943 3124 61
965 3057 1007 3124 16
1030 3057 1104 3124 6616
1128 3027 1317 3124 heredibus
1340 3056 1414 3124 sint
1436 3055 1626 3144 potestatis
1650 3057 1748 3124 fovee
1772 3059 1809 3123 61
1831 3057 1945 3124 666616
1961 3076 2023 3124 666
2039 3055 2164 3122 hutili-

308 3211 408 3280 tatis
431 3215 533 3282 iuxta
556 3213 691 3280 ratione
714 3211 846 3280 ibidem
869 3214 999 3290 166666,
1023 3213 1117 3280 61661
1131 3213 1323 3293 66666611;
1350 3215 1450 3281 6166
1475 3233 1569 3282 anno
1592 3213 1729 3282 iaciant
1758 3213 1887 3282 ibidem
1912 3217 2029 3280 166666
2054 3233 2162 3280 6666

309 3369 511 3456 666116166
541 3368 584 3435 16
608 3387 691 3435 6666
714 3331 859 3456 lignitia
890 3369 1026 3436 clusum
1048 3370 1278 3456 cohopertum
1303 3387 1383 3436 cum
1406 3369 1603 3448 66661616,
1644 3370 1737 3436 61661
1754 3368 1958 3450 meruerit,
1999 3367 2166 3434 61116661

303 3523 371 3592 1116
402 3527 439 3591 61
471 3543 553 3592 6666
582 3524 732 3591 heredes
755 3524 792 3591 in
816 3523 894 3612 1666
917 3526 1022 3592 rebus
1045 3524 1206 3591 homines
1229 3525 1275 3590 ad
1298 3524 1537 3591 lavorandum
1562 3527 1598 3590 et
1622 3525 1847 3592 residendum
1871 3521 2035 3602 mittere,
2060 3523 2162 3591 iuxta

308 3678 503 3758 rationem,
529 3683 565 3746 et
588 3698 671 3748 suas
695 3677 874 3747 utilitates
897 3679 1002 3747 iuxta
1025 3679 1200 3745 rationem
1223 3678 1353 3746 ibidem
1378 3679 1555 3756 16666661,
1584 3679 1894 3757 6166166666611;
1920 3683 1956 3746 61
1980 3679 2071 3746 6616
2094 3697 2167 3745 66-

304 3833 423 3900 ruerit
445 3833 529 3902 illas
553 3834 765 3912 6161666,61
789 3836 926 3901 clusam
949 3832 1050 3900 illam
1074 3834 1223 3900 haberet
1245 3852 1365 3900 curam
1390 3836 1426 3898 et
1450 3831 1699 3919 vigilationem
1717 3833 1799 3900 inde
1815 3808 1960 3908 habere,
1978 3835 2014 3898 et
2029 3833 2166 3900 salbam

304 3987 392 4054 illas
427 3989 569 4065 166666,
605 3987 698 4054 61661
729 3987 939 4063 66666611;Ι
964 3989 999 4052 61
1027 3989 1120 4054 16166
1142 3987 1225 4054 11166
1249 3989 1439 4074 666166666
1463 3990 1609 4056 arbores
1633 3989 1670 4054 et
1694 3986 1784 4054 vites
1808 3987 1971 4055 demnis
1997 3985 2161 4062 bitineis‚

303 4139 431 4210 amodo
463 4145 500 4208 61
531 4141 646 4230 66616
668 4140 774 4208 iuxta
798 4142 1000 4219 rationem,
1037 4145 1078 4208 ut
1099 4142 1138 4209 in
1160 4142 1327 4231 completi
1350 4143 1535 4211 16616616
1559 4145 1647 4212 6661
1670 4145 1733 4211 1116
1755 4147 1792 4212 61
1814 4163 1894 4212 6666
1918 4145 2065 4212 heredes
2088 4146 2163 4211 tota

304 4295 390 4382 ipsa
414 4295 629 4364 tradictione
656 4297 788 4362 abeant
810 4298 998 4382 pastenata
1014 4297 1050 4361 et
1064 4298 1166 4364 66616
1181 4296 1224 4363 16
1241 4317 1326 4364 vono
1351 4299 1495 4365 arbusto
1514 4298 1662 4366 bitatum
1680 4301 1717 4366 61
1731 4298 1855 4386 66616,
1880 4299 2030 4366 6166116
2045 4299 2164 4365 166166

309 4470 424 4519 annos
439 4453 535 4518 locus
559 4450 633 4536 ipse
661 4451 853 4526 meruerit3
880 4454 916 4517 61
939 4451 985 4518 16
1008 4451 1091 4518 1616
1114 4449 1152 4517 16
1174 4453 1282 4518 66166
1297 4470 1361 4539 666
1377 4453 1491 4520 66616
1517 4472 1650 4520 66666
1675 4455 1750 4520 1616
1766 4453 1844 4540 ipsa
1858 4452 2067 4519 tradictione
2081 4455 2165 4538 apte
2290 4531 2292 4536 ¹

305 4609 473 4692 tempore
497 4607 662 4673 lavorare
685 4607 722 4672 61
745 4607 883 4673 6611666
907 4605 950 4672 16
973 4624 1080 4692 super
1095 4607 1132 4672 et
1147 4605 1190 4672 de
1213 4609 1349 4694 supter,
1363 4607 1457 4676 sicut
1480 4557 1580 4675 locus
1602 4607 1677 4693 ipse
1702 4605 1887 4684 meruerit3
1906 4609 1946 4673 ut
1965 4625 2103 4694 semper
2124 4605 2162 4672 in

302 4760 443 4828 melius
466 4761 656 4846 proficiant
679 4763 715 4827 et
738 4779 809 4827 non
832 4759 1055 4845 dispereant3
1080 4759 1117 4824 61
1138 4779 1202 4845 666
1227 4763 1341 4829 66616
1365 4768 1499 4830 66666
1522 4782 1649 4831 vonum
1666 4765 1792 4851 pareat
1806 4765 2007 4831 lavoratum
2029 4763 2065 4828 et
2087 4765 2163 4829 cul-

304 4917 455 4993 tatum,
481 4917 518 4982 et
539 4916 676 4982 salbum
700 4917 736 4980 et
757 4910 918 4993 clusum,
945 4913 1038 4980 unde
1061 4915 1234 4982 meruerit
1256 4915 1380 4982 amodo
1404 4919 1441 4982 et
1462 4935 1614 5005 semper.
1641 4921 1686 4985 Et
1707 4937 1772 5006 per
1795 4920 1952 5005 tempore
1975 4917 2018 4984 de
2042 4917 2164 4985 vinde-

294 5069 392 5147 -mie,
418 5069 542 5136 amodo
564 5072 601 5136 61
623 5089 783 5158 semper,
809 5088 873 5156 per
895 5069 1009 5136 omnis
1032 5089 1165 5139 66666
1189 5071 1264 5159 ipse
1280 5073 1400 5159 petrus
1424 5071 1577 5139 clericus
1591 5053 1685 5140 111166
1697 5071 1849 5160 66611611
1871 5071 2018 5139 iohanni
2033 5073 2070 5139 61
2083 5077 2163 5139 suos

296 5223 461 5290 ,16666166
474 5223 713 5290 166166166166
732 5243 817 5311 6666
829 5223 990 5310 66611616
1010 5224 1239 5302 monasteria,
1266 5229 1305 5292 ut
1328 5223 1461 5292 ibidem
1486 5225 1623 5312 dirigat
1645 5209 1963 5303 missum'illarum,
1991 5229 2028 5292 et
2041 5226 2108 5318 ¹ille
2131 5231 2168 5297 et

303 5393 389 5443 suos
409 5377 558 5444 heredes
582 5379 664 5464 apto
688 5381 845 5466 1666666
869 5381 943 5446 1616
966 5378 1044 5465 ipsa
1067 5378 1258 5446 traditione
1282 5378 1502 5447 bindemiare
1518 5382 1578 5457 ,61
1600 5378 1722 5446 vinum
1746 5355 1861 5467 ipsum
1877 5356 2075 5484 16116661
2086 5387 2163 5500 661-

309 5531 473 5596 666166
497 5550 715 5619 666666666,
741 5531 914 5618 6116666
938 5531 1133 5620 666116166
1158 5533 1201 5600 16
1222 5533 1300 5620 ipsa
1322 5501 1407 5602 casa
1431 5535 1624 5619 adsignare
1649 5535 1694 5603 ad
1718 5537 1833 5623 ipsum
1856 5517 2161 5664 6661616666

307 5682 526 5750 6666616616
548 5685 686 5780 616666
709 5687 911 5771 66666166,
943 5685 1036 5753 61661
1059 5683 1237 5764 1161666,
1272 5690 1311 5754 61
1334 5685 1470 5756 ibidem
1496 5689 1630 5757 1661661
1653 5689 1767 5777 ipsum
1792 5693 1936 5762 missum
1960 5675 2163 5764 666661111-

304 5839 415 5915 16166,
441 5838 546 5924 quale
570 5837 723 5906 voluerit
748 5841 852 5907 iuxta
877 5843 1066 5919 rationem,
1092 5860 1232 5928 66666
1257 5841 1409 5928 indeque
1438 5845 1523 5929 apto
1548 5847 1708 5932 tempore
1734 5826 1919 5933 colligere,
1938 5852 1974 5917 61
1989 5850 2035 5918 de'
2054 5853 2170 5920 omnis
