5454 7104
992 497 1415 570 ulrtulln'llcbs
2039 509 2096 580 tlt

310 687 479 770 quartam
503 688 640 769 partem
666 698 703 751 et
726 689 902 772 mtegram
927 689 1040 776 ipsam
1065 695 1216 777 partem,
1243 714 1310 780 quc
1336 693 1401 759 luit
1426 693 1576 778 predicti
1601 695 1755 784 iaquinti
1781 703 1816 765 ct
1839 700 1993 785 gentile,
2020 701 2063 768 de
2087 704 2162 768 tota

306 839 553 926 suprascripta
577 843 682 907 rebus
705 841 801 908 inlra
824 843 982 928 predicte
1006 845 1108 920 linis,
1135 865 1212 912 cum
1236 847 1398 915 omnibus
1423 869 1491 936 que
1515 848 1612 916 intra
1636 852 1713 936 ipsa
1737 855 1904 939 quartam
1932 858 2097 940 partem,
2126 858 2162 922 et

305 993 402 1060 intra
425 995 538 1079 ipsam
562 1005 714 1082 partem,
740 1016 808 1082 que
833 998 901 1064 l'uit
926 1001 1081 1084 ipsorum
1107 999 1257 1087 iaquinti
1283 1006 1320 1068 et
1342 1003 1477 1088 gentile
1501 1009 1603 1081 sunt,
1621 1007 1807 1094 cuntisque
1832 1027 1956 1075 earum
1981 1009 2162 1096 pertinen-

303 1149 364 1216 tiis
387 1151 525 1216 etcum
552 1150 626 1218 bice
650 1151 693 1218 de
719 1151 786 1218 viis
808 1152 891 1218 suis.
918 1157 969 1220 Ea
993 1157 1145 1231 ratione,
1165 1159 1204 1222 ut
1226 1157 1405 1244 integram
1430 1160 1675 1246 suprascripta
1699 1181 1778 1229 mea
1796 1163 1998 1230 banditione
2021 1184 2161 1251 semper

309 1302 357 1368 sit
379 1303 417 1370 in
442 1306 616 1388 potestate
640 1307 771 1392 tuaque
795 1305 958 1374 iohannis
982 1309 1084 1375 etde
1108 1309 1179 1376 tuis
1203 1311 1419 1389 heredibus,
1460 1317 1497 1378 et
1520 1313 1628 1381 liceat
1653 1317 1686 1381 te
1711 1320 1747 1383 et
1771 1319 1848 1382 tuos
1881 1319 2029 1386 heredes
2052 1319 2095 1386 de
2118 1339 2161 1388 ea

310 1459 428 1523 lacere
452 1459 582 1534 omnia,
608 1460 700 1545 qnod
723 1461 921 1528 volueritis.
948 1465 992 1527 Et
1015 1465 1159 1548 propter
1183 1465 1487 1534 confirmationem
1513 1471 1591 1536 nius
1610 1470 1821 1538 benclitionis
1848 1489 1913 1557 ego
1937 1474 2162 1560 supradictus

312 1610 392 1676 bibo
415 1612 554 1698 suscepi
577 1615 649 1680 ate
665 1613 845 1698 predictus
860 1614 1032 1682 iohannes
1047 1619 1221 1684 statutum
1245 1619 1400 1704 pretium
1417 1639 1543 1688 aureos
1567 1621 1695 1689 solidos
1719 1623 1838 1690 decem
1864 1629 1900 1690 et
1911 1629 1989 1692 octo
2008 1627 2161 1695 inomni

304 1766 575 1834 deliberatione.
615 1771 659 1834 Et
681 1789 745 1854 per
768 1769 1062 1838 combenientiam
1087 1791 1153 1857 ego
1176 1773 1403 1858 supradictus
1445 1773 1523 1841 bibo
1547 1775 1680 1860 guadio
1705 1776 1770 1842 tibi
1795 1779 1958 1862 predicto
1992 1780 2163 1853 iohannes

297 1919 393 1997 dedi,
408 1923 444 1986 et
467 1921 699 1989 mediatorem
724 1923 790 1990 tibi
814 1925 932 2008 posuit
956 1923 1126 2009 ligorium
1149 1924 1261 1991 filium
1286 1927 1463 2012 quondam
1489 1929 1612 2005 amati3
1632 1931 1668 1994 et
1692 1948 1755 2014 per
1772 1928 1886 2014 ipsam
1903 1933 2072 2016 guadiam
2089 1937 2158 2002 ete.

259 2141 262 2148 ,
299 2076 447 2142 Stattctu
477 2077 613 2144 bruleio
647 2079 736 2144 artri
765 2079 965 2144 solidorum
994 2081 1379 2145 coustanttoionmnro
1405 2081 1573 2164 triptota.
1619 2084 1661 2147 ut
1688 2083 1811 2150 taliter
1834 2084 1991 2151 scribere
2023 2089 2164 2172 rogavi-

300 2249 378 2298 mus
401 2234 437 2298 te
461 2235 602 2318 petrum
628 2233 823 2300 notarium.

340 2385 368 2474 †
391 2389 465 2472 Ego
490 2389 551 2474 qui
575 2405 685 2472 supra
709 2388 781 2455 sico
806 2389 926 2456 Comes
950 2391 986 2454 et
1010 2388 1130 2454 ludex.

1048 2611 1214 2618 ——.-...-,....-,.
1237 2613 1242 2617 ·
1291 2614 1296 2618 .
1314 2613 1322 2618 -
1344 2611 1396 2618 ...-

1078 2810 1359 2916 aioxrnn

1079 3117 1138 3190 A.
1167 3116 1223 3189 D.
1252 3117 1378 3191 1050

335 3479 363 3568 †
388 3480 427 3543 ln
453 3478 594 3545 nourine
618 3479 753 3546 domini
778 3479 958 3547 tricesimo
982 3483 1135 3548 secundo
1159 3503 1253 3550 anno
1277 3485 1501 3570 principatus
1525 3484 1645 3551 domni
1671 3484 1783 3551 nostri
1807 3483 2003 3569 guaimari,
2018 3487 2055 3549 et
2077 3483 2161 3566 (1μο-

292 3633 429 3698 decimo
454 3653 548 3700 anno
572 3634 722 3701 ducatus
746 3636 823 3702 eius
848 3637 998 3740 arrraltis,
1024 3641 1060 3703 et
1085 3639 1268 3706 undecimo
1292 3659 1386 3708 anno
1409 3640 1560 3706 ducatus
1583 3642 1659 3706 eius
1683 3638 1858 3714 sirrenti;
1886 3641 1921 3703 et
1944 3657 2041 3704 nono
2064 3657 2158 3704 anno

296 3787 521 3872 principatus
545 3790 582 3852 et
605 3787 763 3873 ipsorum
786 3789 981 3857 ducatuum
1005 3791 1124 3858 domni
1146 3791 1268 3877 gisulfi
1290 3793 1366 3861 eius
1389 3795 1455 3860 filli
1478 3794 1604 3860 eximii
1628 3793 1802 3879 principis
1826 3795 1863 3858 et
1886 3792 2010 3868 ducis,
2037 3810 2158 3859 mense

294 3941 418 4018 iulius,
437 3944 548 4009 tertia
572 3943 779 4010 indictione.
805 3947 899 4011 Ante
922 3965 979 4011 me
1001 3947 1110 4015 lando
1133 3949 1331 4034 gastaldus,
1359 3950 1603 4016 machonollus
1626 3952 1662 4014 et
1685 3946 1889 4014 ademarius
1913 3946 2081 4032 germani
2099 3946 2161 4012 fili

298 4097 475 4182 quondam
500 4098 720 4183 grimoaldi,
745 4102 782 4166 et
804 4103 946 4166 amatus
970 4103 1134 4186 nopotem
1157 4101 1302 4170 illorum
1324 4103 1419 4170 filius
1443 4103 1621 4189 quondam
1645 4102 1752 4188 petri,
1778 4101 1939 4170 coniunti
1963 4103 2048 4167 sunt
2070 4119 2157 4168 cum

290 4251 477 4318 dauferius
500 4253 594 4319 illius
618 4253 796 4338 quondam
821 4253 995 4330 iohannis,
1022 4259 1061 4322 at
1080 4235 1286 4325 'faciendum
1310 4258 1406 4326 inter
1429 4278 1466 4326 se
1481 4260 1587 4325 dnem
1611 4259 1654 4325 de
1681 4278 1752 4326 una
1776 4259 1877 4344 pecia
1901 4259 1944 4325 de
1962 4262 2061 4326 terra
2076 4278 2155 4326 cum

290 4408 476 4473 arbustum
502 4411 538 4474 et
562 4407 636 4474 alia
659 4408 831 4493 pomifera
856 4409 949 4495 quod
973 4409 1049 4495 ipse
1073 4410 1214 4478 danseri
1237 4415 1404 4496 paratam
1429 4416 1511 4498 abet
1546 4412 1725 4480 inlocum
1764 4414 1985 4490 lloccanum,
2029 4415 2160 4482 finibus

291 4561 451 4637 nucerie,
479 4563 524 4628 da
548 4563 640 4629 mari
664 4565 863 4630 consortem
887 4564 1045 4650 ipsorum
1068 4565 1305 4651 suprascripti
1328 4566 1395 4632 tlrii
1419 4569 1455 4632 et
1471 4568 1627 4652 nepotes,
1646 4566 1759 4632 fllium
1784 4567 1961 4652 quondam
1978 4567 2147 4653 iaquinti.

292 4715 392 4782 l'nde
416 4735 481 4802 per
505 4735 622 4783 meum
646 4717 819 4784 iudicium
844 4719 939 4784 inter
962 4737 1000 4784 se
1022 4719 1169 4804 suerunt
1191 4718 1355 4802 guadiati
1379 4737 1486 4804 super
1509 4718 1588 4805 ipsa
1604 4723 1709 4787 rebus
1733 4739 1883 4806 pergere
1900 4739 1981 4787 cum
1999 4721 2154 4789 iudicem

290 4873 327 4935 et
353 4872 547 4948 notarium,
573 4875 610 4938 et
633 4873 736 4939 iuxta
760 4875 878 4959 legem
903 4873 975 4941 illis
999 4874 1094 4941 inter
1117 4893 1154 4940 se
1178 4875 1260 4940 inde
1283 4861 1389 4942 finem
1414 4875 1544 4940 lacere.
1570 4875 1671 4941 Modo
1695 4894 1779 4941 vero
1805 4894 1977 4944 unacum
2004 4877 2077 4946 illis
2097 4898 2155 4946 su·

293 5045 357 5110 per
381 5026 459 5112 ipsa
481 5027 728 5114 suprascripta
753 5028 853 5113 pecia
877 5030 920 5096 de
941 5033 1041 5096 terra
1065 5029 1101 5094 in
1124 5029 1197 5114 ipso
1221 5029 1337 5096 locum
1360 5031 1555 5097 floccanurn
1579 5033 1829 5115 perreximus,
1855 5036 1892 5099 et
1915 5051 1979 5119 per
2003 5033 2072 5120 ipsi
2097 5051 2154 5100 su-

293 5179 486 5266 prascripti
510 5181 577 5247 thii
602 5183 638 5248 et
662 5186 807 5266 nepotes
830 5182 909 5268 ipsa
933 5183 1035 5269 pecia
1058 5183 1102 5250 de
1126 5185 1225 5251 terra
1248 5189 1446 5252 monstrata
1468 5188 1548 5252 cst:
1584 5206 1606 5252 a
1631 5189 1733 5272 parte
1758 5187 1953 5254 occidentis
1978 5191 2154 5254 monstra-

290 5337 419 5402 verunt
441 5336 509 5400 line
535 5338 592 5402 bia
616 5337 797 5423 pubplico,
823 5336 906 5405 inde
929 5337 1024 5424 passi
1050 5339 1241 5406 undecim:
1267 5360 1289 5406 a
1313 5343 1416 5426 parto
1439 5342 1704 5427 septemtrionis
1729 5345 2023 5409 monstraberunt
2045 5343 2152 5410 finem

289 5489 446 5566 illorum,
472 5488 555 5556 inde
579 5491 675 5576 passi
698 5490 929 5576 sebtuaginta
951 5495 1043 5558 octo:
1069 5512 1091 5558 a
1113 5495 1216 5577 parte
1239 5494 1389 5561 orientis
1411 5496 1480 5562 dne
1503 5496 1547 5562 de
1570 5496 1720 5563 heredes
1745 5495 1964 5570 maienandi,
1990 5495 2086 5581 passi
2105 5499 2155 5562 bi-

295 5642 386 5726 ginti
409 5645 504 5710 trex:
529 5647 677 5730 aparte
701 5644 863 5712 meridiei
887 5647 956 5712 tine
979 5648 1190 5714 macbenolfl
1212 5648 1276 5715 tllii
1302 5650 1480 5734 quondam
1506 5650 1604 5726 ursi,
1631 5651 1713 5717 inde
1738 5650 1833 5736 passi
1857 5649 1991 5717 decem.
2029 5652 2156 5718 Revol-

288 5797 396 5864 bente
422 5797 460 5863 in
484 5799 587 5883 parte
609 5797 872 5864 sebtemtrionis
894 5816 959 5884 per
982 5801 1086 5868 llnem
1112 5799 1221 5886 ipsius
1246 5799 1382 5869 darrseri
1407 5803 1502 5890 passi
1526 5804 1716 5890 quadtuor:
1742 5805 1957 5872 Revolbente
1982 5821 2045 5889 per
2076 5804 2155 5889 ipsa
