5398 7106
1044 519 1450 624 uirutrurrrous
2047 520 2117 593 roa

311 727 413 798 dibus
436 723 502 792 tivi
526 722 714 792 nominato
736 717 914 807 grimaldo
939 719 1057 788 abbati
1081 719 1222 804 tuisque
1246 714 1518 802 posterioribus
1545 717 1584 782 ut
1606 718 1695 783 hanc
1721 719 1878 782 nostram
1912 713 2167 784 vindictionem

310 899 374 949 nos
397 881 494 946 vobis
517 880 564 946 ab
587 876 758 945 omnibus
781 872 959 942 ominibus
979 867 1028 940 ab
1043 871 1210 960 omnique
1236 871 1400 958 partibus
1423 871 1600 940 antistare
1615 873 1652 937 et
1668 870 1859 940 defendere
1882 870 2073 938 debeamus
2088 889 2168 938 eam

309 1055 332 1104 a
354 1033 452 1101 vobis
476 1051 544 1118 per
567 1029 733 1100 hinvitis.
759 1028 898 1118 quodsi
915 1027 1146 1105 noluerimus,
1172 1029 1236 1094 aut
1251 1027 1281 1095 si
1308 1045 1370 1094 nos
1393 1027 1480 1113 ipsis
1503 1045 1567 1113 per
1590 1025 1718 1114 quabis
1741 1025 1924 1112 ingenium
1949 1026 2049 1094 illam
2067 1027 2165 1094 vobis

309 1192 455 1254 tornare
478 1189 543 1253 aut
567 1201 756 1260 removere
780 1181 1027 1270 quesierimus,
1052 1180 1179 1278 primis
1202 1181 1362 1249 omnium
1386 1180 1523 1268 questio
1546 1185 1668 1249 nostra
1691 1181 1809 1250 inanis
1833 1183 1869 1248 et
1892 1181 2005 1250 tacita
2027 1181 2111 1257 sint,
2129 1185 2165 1248 et

309 1340 431 1410 decem
454 1339 557 1408 aurei
581 1339 689 1408 solidi
713 1339 796 1406 voni
819 1357 949 1426 penam
972 1336 1071 1404 vobis
1093 1335 1293 1423 nostrisque
1317 1337 1482 1404 eredibus
1506 1355 1568 1405 nos
1591 1343 1628 1404 et
1651 1340 1788 1404 nostros
1808 1337 1933 1406 eredes
1956 1355 2165 1424 componere
2299 1317 2302 1324 ’

310 1494 528 1582 placitamus
551 1498 588 1560 et
611 1491 742 1560 exinde
765 1492 937 1560 adversus
954 1508 1014 1557 vos
1030 1507 1169 1576 semper
1185 1490 1283 1558 taciti
1308 1489 1494 1600 etoomusi
1519 1488 1727 1558 maneamus
1742 1508 1806 1576 per
1829 1489 1965 1566 invitis,
1984 1489 2023 1557 in
2038 1490 2161 1558 eadem

312 1627 450 1734 guadia
471 1650 508 1714 et
534 1649 650 1734 ipsum
673 1623 828 1715 vestrum
853 1645 1100 1723 mediatorem,
1119 1647 1178 1732 qui
1201 1664 1239 1712 se
1264 1644 1392 1713 tribuit
1416 1643 1513 1712 vobis
1536 1644 1582 1712 ad
1605 1643 1868 1730 pignerandum
1892 1643 2012 1711 omnia
2035 1663 2100 1710 sua
2117 1645 2170 1729 pi·

283 1886 284 1889 ¹
310 1823 425 1888 gnera
448 1803 614 1890 legitima
637 1805 674 1870 et
699 1802 929 1890 inlegitima,
956 1801 1094 1870 tamdiu
1117 1799 1230 1868 donec
1254 1799 1513 1886 adimpleamus
1538 1798 1627 1874 tivi,
1654 1798 1811 1885 qualiter
1835 1798 1868 1864 ic
1891 1797 2055 1890 superius
2078 1799 2165 1865 scri-

310 1961 422 2044 ptum3
447 1957 491 2024 de
519 1956 677 2026 colludio
701 1959 837 2033 autem,
855 1956 885 2023 si
902 1974 926 2022 a
941 1974 1002 2023 vos
1026 1953 1160 2041 pulsati
1184 1951 1356 2021 fuerimus
1372 1949 1418 2018 ad
1441 1953 1567 2018 sancta
1589 1949 1646 2018 dei
1670 1946 1882 2036 euvangelia
1906 1951 2045 2037 legibus
2069 1951 2168 2034 vobis

312 2111 585 2188 satisfaciemus,
611 2109 665 2178 ita
693 2111 733 2176 ut
756 2109 918 2176 nostrum
944 2106 1088 2174 nonsit
1111 2105 1278 2183 colludio,
1304 2108 1341 2171 et
1365 2123 1433 2172 unc
1459 2106 1600 2171 brebem
1624 2103 1765 2170 firmum
1784 2105 1820 2170 et
1841 2105 2008 2172 stavilem
2031 2121 2171 2194 perma-

295 2267 406 2334 neat.
433 2265 479 2330 Ut
501 2262 540 2330 in
580 2263 768 2349 posterum
804 2259 1038 2328 recordentur
1073 2259 1159 2346 quia
1186 2278 1250 2346 pro
1286 2257 1619 2326 commemoratione
1655 2277 1723 2326 unc
1760 2261 1903 2328 brebem
1936 2256 2164 2350 vindictionis

319 2417 463 2488 scribsit
487 2421 560 2504 Ego
583 2415 760 2484 desiderio
785 2413 960 2482 notarius.
988 2414 1113 2480 Actum
1137 2411 1175 2479 in
1199 2411 1344 2480 civitate
1368 2412 1517 2490 lucerio,
1542 2411 1734 2480 indictione
1758 2412 1922 2480 feliciter.

355 2574 383 2665 †
407 2573 482 2661 ligo
505 2573 662 2640 iohanne
684 2570 806 2638 iudex.
980 2551 983 2556 ⁵

356 2729 383 2818 †
409 2731 483 2816 Ego
507 2725 601 2795 maio
624 2729 715 2795 teste
738 2743 832 2794 sum.

355 2881 383 2973 †
407 2883 483 2968 Ego
505 2879 629 2948 alerisi
654 2883 755 2947 teste.

1059 3289 1397 3373 MCLXXXI

1088 3537 1148 3612 A.
1175 3536 1233 3611 D.
1263 3535 1388 3612 1053
1500 3612 1502 3620 ,

358 3797 386 3889 †
409 3800 449 3866 In
474 3797 616 3867 nomine
638 3799 772 3867 domini
796 3799 1005 3868 duodecimo
1028 3818 1123 3868 anno
1146 3801 1371 3888 principatus
1394 3803 1515 3872 domni
1539 3803 1651 3871 nostri
1675 3803 1795 3889 gisulfi
1810 3804 1958 3890 gloriosi
1982 3807 2167 3894 principis,

314 3971 435 4020 mense
457 3952 604 4040 magio,
630 3955 735 4021 sexta
758 3951 964 4021 indictione.
1005 3955 1080 4040 Ego
1104 3955 1254 4023 consilio
1277 3955 1448 4024 diaeonus
1483 3955 1576 4024 filius
1599 3956 1775 4044 quondam
1809 3959 1958 4029 alechisi
1983 3963 2172 4048 presbiteri

314 4107 358 4175 de
380 4103 493 4176 locum
528 4107 692 4175 tusciano
717 4110 802 4176 ante
825 4109 1089 4177 subscribendis
1114 4109 1264 4177 testibus
1288 4111 1497 4180 coniunctus
1521 4130 1599 4180 sum
1623 4132 1704 4182 cum
1729 4115 1915 4184 mirandus
1938 4118 2114 4203 presbiter
2138 4121 2175 4185 et

317 4263 431 4330 abbas
454 4261 604 4328 ecclesie
626 4262 742 4328 sancti
767 4261 915 4338 mathie,
941 4278 1047 4348 quem
1070 4261 1194 4328 domus
1217 4261 1439 4350 guaimarius
1462 4265 1642 4352 principes
1659 4270 1696 4333 et
1710 4266 1823 4335 duxa
1847 4269 1939 4336 nobo
1963 4269 2169 4338 fundamine

317 4411 518 4481 construxit
542 4411 579 4478 in
602 4411 719 4480 locum
743 4412 918 4490 tusciano,
959 4413 1093 4500 etipse
1116 4414 1226 4481 abbas
1250 4433 1314 4500 per
1337 4385 1599 4483 combenientia
1622 4435 1687 4503 per
1710 4417 1902 4484 iussionem
1937 4419 2173 4505 suprascripti

316 4566 437 4634 domni
461 4569 575 4635 nostri
600 4567 722 4654 gisulfi
746 4567 897 4635 tradidit
919 4565 1029 4634 michi
1051 4567 1095 4636 de
1119 4585 1177 4636 res
1200 4568 1402 4654 pertinente
1426 4569 1568 4637 exdicte
1591 4569 1739 4638 ecclesie
1776 4591 1848 4640 una
1871 4572 1974 4660 pecie
1998 4573 2042 4642 de
2069 4577 2169 4642 terra

316 4743 403 4792 cum
427 4727 533 4792 binea
556 4727 593 4791 ct
616 4722 797 4830 aliquanti
821 4723 1007 4790 arboribus
1030 4725 1066 4790 et
1088 4719 1274 4792 salicetum
1298 4727 1335 4792 et
1359 4683 1510 4793 bacuum
1542 4746 1611 4795 uno
1643 4725 1802 4795 teniente
1826 4745 1890 4814 per
1913 4728 2053 4796 disset
2076 4746 2175 4798 men-

297 4843 420 4948 suras
443 4837 536 4947 iusto
559 4897 665 4966 passu
688 4877 816 4947 ominis
839 4879 1097 4946 mensuratum.
1123 4879 1153 4944 A
1176 4881 1280 4966 parte
1313 4880 1463 4948 orientis
1488 4881 1584 4967 passi
1618 4883 1849 4970 septuaginta
1871 4884 1975 4951 octo:
2011 4887 2041 4952 Α
2066 4891 2171 4973 parte

324 4993 589 5120 septemtrionis
624 5035 720 5120 passi
756 5033 1041 5120 quattuordecim
1076 5037 1113 5102 et
1136 5035 1289 5104 rebolbit
1320 5035 1358 5102 in
1392 5035 1471 5122 ipsa
1494 5039 1597 5124 parte
1619 5037 1884 5124 septemtrionis
1918 5039 2013 5124 passi
2038 5040 2169 5126 biginti

318 5191 504 5276 quattuor,
528 5191 566 5256 et
588 5188 743 5257 rebolbit
766 5187 805 5255 in
827 5191 931 5275 parte
953 5189 1147 5258 occidentis
1163 5191 1259 5276 passi
1283 5191 1483 5278 nonaginta
1504 5193 1595 5268 octo,
1614 5193 1651 5258 et
1666 5185 1822 5260 rebolbit
1837 5191 1875 5261 in
1892 5195 1995 5280 parte
2020 5193 2169 5262 meridie
2295 5237 2299 5242 -

318 5341 415 5428 passi
439 5343 600 5420 sideeim,
625 5347 663 5410 et
685 5343 840 5412 rebolbit
865 5343 905 5410 in
929 5345 1032 5429 parte
1054 5342 1246 5411 occidentis
1261 5343 1357 5430 passi
1379 5344 1572 5430 sexaginta
1587 5347 1770 5432 quattuor.
1797 5347 1827 5412 A
1850 5349 1950 5432 parte
1973 5347 2169 5418 occidentis

318 5497 388 5564 fine
413 5498 604 5566 arcaturia
624 5497 790 5567 domnica
812 5497 895 5567 inde
917 5500 1002 5565 sunt
1024 5497 1119 5584 passi
1143 5496 1310 5584 triginta,
1335 5499 1372 5563 et
1395 5496 1547 5566 rebolbit
1569 5495 1609 5564 in
1631 5497 1710 5584 ipsa
1730 5502 1834 5584 parte
1858 5500 2052 5568 occidentis
2075 5501 2170 5587 passi

320 5651 589 5740 quinquaginta
607 5651 679 5720 duo
703 5669 815 5739 usque
838 5650 943 5719 flubio
966 5651 1139 5719 tusciano.
1166 5653 1211 5718 Et
1234 5652 1439 5721 rebolbenfe
1462 5652 1499 5720 in
1523 5655 1626 5738 parte
1650 5653 1799 5721 meridie
1814 5654 1883 5722 flue
1907 5654 1992 5740 ipso¹
2008 5657 2113 5725 flubio
2130 5663 2166 5726 et

319 5805 415 5892 passi
440 5810 582 5874 centum
607 5806 738 5894 biginti
762 5809 852 5884 octo,
870 5809 908 5874 et
922 5807 1076 5876 rebolbit
1090 5806 1127 5875 in
1144 5809 1258 5896 ipsam
1282 5813 1421 5894 partem
1445 5807 1593 5876 orientis
1608 5808 1703 5894 passi
1719 5809 1930 5895 octuaginta
1952 5827 2029 5887 sex,
2050 5829 2159 5897 usque
