5372 7106
959 550 1040 630 on
1082 551 1466 665 ueneramus
2051 563 2075 645 5

281 754 343 841 qui
367 752 500 820 dicitur
526 751 740 838 Emathytis.
766 751 814 839 (1)
837 751 975 822 arietis.
1001 753 1106 839 Lapis
1131 755 1281 842 quartus
1308 755 1369 843 qui
1404 755 1537 824 dicitur
1571 755 1774 856 ceraunius.
1798 756 1994 844 sagittarii.
2025 755 2130 844 Lapis

282 907 429 991 quintus
452 905 513 993 qui
537 904 667 972 dicitur
689 903 819 972 demes.
857 905 908 988 (2)
942 903 1051 972 tauri.
1078 906 1180 992 Lapis
1212 909 1335 976 sextus
1360 909 1421 996 qui
1454 909 1587 976 dicitur
1616 861 1792 978 arabicus,
1823 909 1987 996 virginis.
2021 913 2128 996 Lapis

279 1055 452 1142 septimus
475 1057 536 1144 qui
562 1057 696 1125 dicitur
718 1056 961 1125 ostrachithis.
988 1058 1200 1144 capricorni.
1220 1060 1281 1126 llis
1297 1061 1468 1146 querendi
1493 1059 1558 1128 tibi
1581 1037 1688 1129 erunt
1705 1063 1744 1128 ut
1768 1063 1918 1130 haberes
1944 1081 2007 1148 per
2024 1081 2128 1130 omne

279 1219 417 1302 tempus
440 1215 524 1284 vitae
549 1217 621 1284 tuae
644 1216 681 1282 in
705 1215 898 1296 custodiam
922 1216 1076 1284 divinam
1101 1217 1137 1284 et
1159 1235 1268 1284 sanus
1292 1218 1363 1286 eris
1387 1221 1424 1286 et
1446 1238 1592 1288 securus
1615 1239 1767 1306 semper.

939 1523 991 1589 De
1012 1523 1202 1608 sculptura
1226 1541 1364 1590 corant.
1391 1525 1441 1608 (3)

322 1765 476 1832 Subiecti
499 1767 605 1833 etiam
629 1767 833 1852 sculpturas
867 1784 990 1832 eorum
1020 1765 1352 1853 singulorumque
1384 1767 1474 1834 fiunt
1508 1767 1667 1854 corporis
1691 1765 1799 1832 totius
1829 1766 2055 1852 philacteria„
2080 1769 2120 1834 ut

278 1921 464 1988 custodiat.
491 1921 595 2007 Lapis
618 1921 822 1988 chrisolitus
857 1921 1037 2006 sculptum
1072 1924 1242 1988 scarabeo
1272 1941 1352 1988 cum
1377 1921 1488 1988 radiis
1520 1939 1613 2006 qnae,
1644 1921 1818 1986 catharon
1852 1939 1958 2004 grece
1993 1921 2126 2018 dicitur

280 2073 383 2160 Lapis
407 2075 630 2142 atroselinus
655 2075 754 2142 bobis
779 2075 845 2142 illa
878 2093 1012 2141 cornua
1046 2077 1231 2142 habentes.
1268 2075 1373 2158 Lapis
1405 2073 1588 2139 emathitis
1622 2071 1767 2157 sculpis.
1801 2075 1907 2158 Lapis
1931 2063 2124 2141 ceraunius

276 2227 409 2313 sculpis
433 2232 696 2314 capracomata.
715 2229 820 2314 Lapis
836 2228 967 2296 domos.
987 2227 1121 2314 rculpis
1137 2245 1315 2294 venerem.
1335 2225 1440 2311 Lapis
1464 2225 1632 2293 arabicus
1654 2226 1788 2312 sculpis
1809 2225 2125 2312 khinokephalion.

278 2379 383 2464 Lapis
406 2380 627 2446 ostrakilhis.
653 2379 786 2465 sculpis
809 2381 988 2446 hominem
1012 2379 1197 2446 crocodilli
1222 2381 1330 2464 caput
1345 2348 1548 2446 habentem.
1569 2379 1605 2444 et
1622 2378 1751 2444 scribis
1769 2381 1806 2444 in
1823 2378 1941 2446 latera
1965 2384 2001 2446 et
2016 2381 2127 2448 coxis,

278 2535 322 2598 st
345 2534 375 2600 si
400 2535 552 2601 volueris
576 2534 830 2620 philacterium
854 2536 986 2601 habere
1010 2532 1167 2619 corporis
1192 2533 1245 2600 lui
1269 2536 1305 2598 et
1329 2533 1458 2600 animae
1483 2551 1563 2598 cum
1580 2533 1827 2598 matthmatioo
1848 2533 1926 2613 (stc)
1944 2532 2067 2598 trevis.
2087 2537 2127 2600 ut

277 2686 441 2752 videatur
465 2688 543 2774 quis
567 2691 730 2773 angelus.
756 2691 821 2756 hoc
845 2688 1014 2774 estquod
1037 2688 1180 2773 signum
1204 2689 1293 2754 hora
1328 2705 1398 2774 qua
1422 2690 1528 2753 natus
1551 2705 1589 2752 es
1613 2686 1710 2752 videt
1733 2687 1769 2752 et
1792 2686 1902 2771 ipsius
1926 2687 2051 2772 angeli
2075 2690 2127 2754 la·
2209 2659 2214 2665 ⁵

277 2839 358 2926 pide
382 2841 520 2925 sculpto
544 2841 668 2907 uteris,
686 2843 722 2907 et
745 2839 892 2907 habebis
916 2839 1167 2925 philacterium
1191 2841 1229 2905 in
1246 2843 1469 2925 perpetuum.
1496 2840 1637 2924 quando
1662 2841 1749 2906 luna
1765 2841 1818 2905 est
1838 2839 1876 2905 in
1892 2840 2024 2924 sydono
2041 2839 2126 2926 ipsis

278 2965 409 3078 angeli.
434 2996 500 3061 hoc
524 3001 576 3062 est
593 2995 629 3062 in
645 2996 761 3080 signo.
787 2994 915 3060 melius
939 2996 1060 3060 autem
1083 2995 1137 3062 est
1153 2994 1184 3061 si
1199 2993 1333 3060 domini
1349 2993 1504 3078 genitori
1520 2995 1581 3060 tuo
1602 2993 1756 3079 lapidem
1780 2993 1917 3079 sculpto
1934 2995 2124 3061 habueris.

325 3146 371 3212 ile
395 3144 574 3231 lapidibus
596 3147 633 3211 et
655 3164 780 3211 earum
804 3143 1012 3230 sculpturis
1039 3147 1079 3211 ut
1102 3163 1212 3229 supra
1235 3143 1444 3230 septidonio.
1472 3147 1521 3231 (4)

322 3299 490 3366 Achates:
509 3300 622 3366 tutela
636 3299 803 3367 saturnii.
823 3298 991 3384 ingenuit
1006 3302 1149 3366 achates
1165 3319 1266 3386 opem
1283 3301 1464 3368 sedentem
1489 3301 1690 3368 utiuebent
1703 3300 1865 3368 libertini
1881 3301 1967 3368 ardo
1984 3303 2130 3368 achates

281 3451 385 3518 fidem
409 3450 587 3538 publicam
611 3453 717 3517 servi.
744 3452 897 3517 Achates
920 3453 1057 3516 leonem
1081 3455 1277 3518 cubantem.
1302 3452 1512 3537 Elliotropio
1536 3454 1652 3520 tutela
1676 3453 1761 3520 solis
1787 3451 1955 3537 ingenuit
1979 3453 2131 3520 Eliotro-

276 3605 375 3690 pium
398 3605 508 3670 solem
532 3603 745 3671 radiantem.
771 3603 931 3670 libertini
954 3603 1011 3669 bel
1036 3601 1158 3670 liberti
1181 3603 1296 3690 capud
1319 3603 1404 3671 solis
1427 3603 1523 3671 servi
1548 3623 1650 3672 aram
1667 3607 1846 3672 etfaciam
1869 3623 1978 3691 supra
1994 3606 2123 3673 arden-

173 3764 175 3767 ’
278 3761 362 3825 tem.
389 3759 597 3850 chrisolitus
620 3759 733 3824 tutela
755 3760 840 3825 lune
862 3757 1026 3842 ingenuit
1048 3757 1168 3823 lunam
1192 3759 1370 3824 sedentem
1408 3757 1569 3826 libertini
1593 3760 1711 3824 lunam
1737 3759 1772 3825 in
1795 3759 1875 3827 vica
1900 3763 2003 3828 boum
2028 3760 2126 3827 servi

274 3911 411 3978 cordua
434 3914 525 3978 lune.
550 3911 670 3978 sardio
694 3910 810 3976 tutela
832 3908 958 3975 martis
981 3907 1147 3994 ingenuit
1170 3914 1319 3978 martem
1345 3907 1508 3998 tropeum
1533 3913 1717 3980 serentem.
1745 3911 1865 3980 liberti
1888 3915 2040 3979 martem
2068 3932 2125 3979 co-

275 4085 354 4132 ram
375 4116 500 4131 .....
516 4065 566 4148 (5)
591 4063 659 4132 sibi
683 4081 787 4131 arma
809 4062 946 4130 martis.
969 4061 1156 4129 Emathitis
1179 4059 1291 4130 tutela
1307 4063 1489 4130 mercurii.
1506 4064 1674 4150 ingenuit
1697 4039 1913 4132 mercurium
1929 4063 1968 4130 in
1984 4068 2125 4151 petram

271 4289 544 4306 m

317 4409 361 4488 ll)
382 4411 420 4470 Α.
447 4408 670 4470 «haematites
692 4429 719 4465 ι.

316 4553 359 4634 (2)
381 4553 470 4614 Pitra
494 4577 506 4609 ι
530 4549 649 4624 domos,
670 4549 800 4628 Ignotus
819 4548 914 4630 plane
938 4571 966 4622 ι,

318 4698 358 4778 (3)
381 4698 476 4758 'lutto
498 4700 610 4776 questo
632 4693 775 4775 Capitolo
795 4727 836 4738 -
857 4693 896 4754 de
919 4692 1091 4772 sculpturis
1113 4711 1223 4753 eorum
1237 4731 1276 4742 -
1291 4711 1353 4754 non
1375 4694 1402 4754 si
1426 4693 1523 4771 lagga
1544 4691 1597 4754 nel
1617 4691 1751 4762 Pitra,e
1772 4710 1939 4752 nemmono
1955 4691 2123 4756 nell'Ahel.

280 4843 350 4906 Non
370 4843 473 4923 saprei
494 4842 562 4904 dire
583 4859 617 4902 se
638 4859 656 4902 a
678 4845 790 4921 questo
810 4838 953 4919 Capitolo
973 4837 1103 4900 accenni
1125 4838 1148 4898 il
1170 4838 1259 4900 Pitra
1280 4839 1363 4900 nelle
1385 4843 1483 4912 note,
1507 4838 1586 4900 dove
1609 4839 1637 4898 si
1658 4837 1771 4916 legge:
1804 4860 1816 4893 ι
1841 4836 1877 4896 In
1900 4835 2007 4898 codice
2029 4839 2061 4895 et
2082 4837 2115 4895 in

277 5015 290 5048 ι
316 4989 468 5050 Marbodo
489 4988 573 5050 edito
594 4987 807 5068 praemittitur
827 4985 896 5046 illic
917 4985 980 5046 alia
1000 4983 1159 5064 epistola,
1183 5002 1279 5063 quam
1301 4983 1372 5045 vide
1395 4983 1427 5043 in
1448 4951 1642 5044 Beclmanni
1662 4982 1866 5050 recensione,
1889 4978 2043 5041 monacho
2063 4999 2119 5041 ne·

283 5163 295 5194 ι
322 5139 388 5200 scio
410 5138 461 5198 cui
481 5155 539 5217 per
559 5136 786 5198 diuinationem
807 5134 1004 5195 attributam.
1031 5156 1044 5188 ι

278 5236 279 5240 ¹
314 5284 356 5363 (4)
380 5283 496 5355 Questo
512 5280 645 5362 capitolo
667 5297 834 5340 nemmeno
854 5279 882 5338 si
902 5277 995 5355 legge
1016 5229 1069 5337 nel
1091 5275 1179 5336 Pitra
1199 5293 1216 5334 e
1237 5272 1310 5335 nell'
1325 5273 1416 5335 Abel.
1454 5273 1480 5332 Il
1501 5273 1589 5334 Pitra
1611 5271 1681 5333 anzi
1701 5270 1774 5332 dice
1796 5271 1827 5333 di
1849 5289 1910 5332 non
1932 5239 2050 5331 volersi
2075 5288 2128 5330 oc-

273 5447 393 5510 cupare
415 5427 446 5488 di
467 5425 552 5488 simil
571 5425 652 5486 satta
670 5423 837 5502 proemii:
865 5447 877 5480 ι
900 5421 1005 5482 Nolim
1026 5419 1114 5480 hisce
1134 5417 1297 5479 immorari
1319 5416 1512 5498 proaemio,
1549 5433 1631 5495 quae
1659 5413 1797 5476 libenter
1817 5433 1894 5476 aevo
1916 5413 2056 5493 sequiori
2078 5431 2128 5474 as-

275 5571 421 5652 signabo,
442 5587 608 5648 magorum
629 5573 736 5629 tamen
756 5569 903 5628 veterum
922 5562 1100 5624 manifestis
1118 5561 1237 5622 referta
1257 5559 1395 5640 ineptiis.
1419 5557 1529 5630 Questi
1550 5558 1613 5619 due
1633 5562 1754 5638 praemi
1770 5557 1882 5619 turono
1902 5554 1954 5636 poi
1976 5555 2126 5636 stampati

273 5717 360 5798 negli
381 5713 543 5778 Analecta
564 5711 680 5782 Sacro,
700 5710 738 5770 V.
762 5711 794 5772 in
814 5707 971 5792 principio
991 5710 1075 5768 nota.

314 5861 354 5942 (5)
375 5861 444 5924 Non
466 5859 494 5922 si
514 5861 618 5960 lagga.
