5398 7106
978 496 1400 572 DIPLOMATICUS
2026 497 2090 570 1111

286 696 458 780 Sequitur
479 698 648 762 consueto
671 693 863 778 formula,
904 696 1044 761 statuto
1069 693 1203 761 1111116111
1228 694 1387 777 triptota
1409 694 1498 770 curt
1521 692 1720 760 solidorum
1743 693 2136 760 coustouttatoaorum.

286 851 331 916 Et
354 849 478 916 taliter
500 847 657 916 scribere
681 847 885 934 rogavimus
911 850 945 914 te
969 849 1090 932 petrus
1115 849 1302 924 notarius,
1343 851 1379 916 et
1402 867 1509 936 super
1533 848 1629 916 inter
1656 848 1789 936 virguli
1812 849 1959 936 legitur:
1984 848 2141 936 pertinet

285 1002 398 1078 milii,
425 1002 518 1088 quod
540 1001 719 1070 subiunsit
741 1019 807 1088 ego
830 1003 995 1088 superius
1018 1002 1134 1070 dictus
1157 1007 1280 1089 petrus
1306 1003 1474 1071 notarius.
1515 1006 1552 1071 et
1574 1024 1615 1071 oc
1640 1022 1877 1070 memoramus
1900 1003 1989 1091 quod
2013 1020 2140 1089 supra-

284 1157 419 1244 scripta
443 1157 509 1224 teci
533 1176 599 1243 ego
623 1175 686 1242 per
709 1156 894 1224 licentiam
920 1157 1080 1224 landoari
1105 1157 1244 1224 comitis
1268 1156 1402 1224 seniori
1428 1156 1552 1234 nostri,
1571 1159 1608 1224 et
1631 1161 1665 1224 16
1690 1157 1804 1242 ipsum
1829 1159 1968 1243 petrum
1994 1158 2139 1224 subiun-

286 1332 373 1400 gere
396 1309 477 1380 seu.

334 1465 361 1554 †
386 1468 460 1550 Ego
484 1465 544 1552 qui
568 1483 678 1548 supra
701 1466 842 1532 amatus
866 1463 986 1531 iudex.

989 1687 1393 1698 ——n——n--n

1037 1904 1375 2006 Monxxw

1052 2155 1112 2228 A.
1140 2151 1195 2226 D.
1228 2147 1351 2228 1052

327 2355 354 2446 †
381 2359 421 2424 ln
445 2357 586 2424 nomine
609 2356 743 2424 domini
769 2356 953 2423 undecimo
977 2375 1070 2423 anno
1094 2355 1318 2441 principatus
1343 2357 1464 2425 domni
1489 2357 1606 2425 nostri
1630 2355 1751 2442 gisulfi
1784 2353 1931 2440 gloriosi
1955 2351 2138 2438 principis,
2186 2331 2188 2336 ’

286 2528 405 2580 mense
428 2513 641 2589 december,
667 2515 762 2580 sesta
785 2511 991 2580 indictione.
1029 2514 1102 2598 Ego
1127 2513 1308 2580 muscatus
1332 2513 1509 2598 presbiter
1532 2515 1569 2579 et
1597 2515 1707 2578 abbas
1742 2509 1894 2578 ecclesie
1929 2509 2138 2576 bocabulum

285 2645 410 2734 sancte
433 2667 517 2733 solie
539 2667 583 2733 de
607 2666 704 2734 intus
743 2684 809 2732 anc
832 2664 1057 2736 salernitana
1080 2663 1226 2732 cibitate
1251 2665 1452 2750 pertinente
1476 2666 1520 2732 de
1544 2667 1694 2734 heredes
1732 2663 1852 2731 domni
1890 2662 2038 2750 paldulll
2074 2661 2139 2729 11111

285 2819 464 2906 quondam
487 2819 607 2886 domni
630 2818 824 2906 guaimarii
846 2817 1065 2886 serenissimi
1090 2819 1276 2906 principis,
1303 2824 1440 2888 Mecum
1465 2822 1605 2888 adesset
1621 2821 1871 2888 advocatorem
1888 2819 2003 2886 eidem
2026 2819 2140 2884 eccle-

281 2971 347 3049 sie,
373 2975 410 3038 et
432 2974 517 3040 ante
541 2971 659 3040 idonei
681 2973 817 3039 omines
841 2990 904 3058 per
927 2973 1188 3040 combenientia
1211 2973 1256 3039 ad
1280 2974 1485 3049 tenendum,
1511 2976 1548 3040 et
1572 2973 1776 3058 regendum,
1802 2975 1839 3038 61
1861 2972 2134 3062 gubernandum
2213 2991 2219 3000 ·

284 3127 420 3194 tradidi
445 3126 607 3194 nicolaus
631 3125 808 3211 presbiter
832 3129 868 3192 61
891 3128 1086 3194 monachus
1108 3125 1191 3194 liliis
1215 3128 1394 3213 quondam
1432 3127 1545 3195 leonti
1569 3130 1764 3195 monachus
1805 3127 1987 3212 integrum
2022 3145 2143 3193 mona·

283 3281 395 3349 sterio
419 3280 630 3349 bocabulum
653 3283 775 3348 sancte
801 3281 922 3348 beneri
946 3281 990 3348 de
1014 3283 1132 3349 locum
1155 3281 1300 3350 curnitu
1324 3285 1562 3368 pertinentem
1585 3282 1699 3350 eidem
1723 3277 1906 3356 ecclesie,
1948 3280 2040 3366 quod
2065 3280 2140 3367 ipse
2164 3343 2168 3349 .

282 3438 432 3505 domnus
456 3437 636 3523 paldulsus
660 3403 804 3505 offeruit
827 3437 865 3502 in
889 3438 968 3522 ipsa
991 3437 1143 3503 ecclesia
1168 3441 1290 3506 sancte
1314 3438 1423 3516 solte3
1461 3457 1522 3505 seu
1546 3441 1583 3504 61
1606 3437 1753 3505 tradidit
1776 3437 1891 3504 eidem
1916 3435 2034 3503 nicola
2060 3455 2145 3504 cum

285 3592 364 3678 ipso
387 3593 616 3672 monasterio,
642 3594 718 3660 vice
742 3597 867 3662 suaet
891 3592 968 3690 uice
992 3591 1086 3660 leoni
1110 3591 1275 3658 monachi
1299 3591 1372 3658 filio
1396 3609 1459 3657 suo
1483 3590 1628 3674 integra
1652 3593 1758 3657 rebus
1780 3591 1946 3658 stabilem
1970 3592 2006 3656 et
2029 3587 2138 3656 mobi-

281 3751 354 3816 lem
378 3751 617 3834 pertinentem
641 3748 756 3815 eidem
780 3746 1002 3823 monasterii,
1027 3765 1108 3812 cum
1132 3745 1258 3820 vineis,
1283 3748 1320 3812 et
1343 3744 1461 3820 casis,
1488 3745 1525 3809 et
1547 3745 1655 3816 terris
1679 3743 1898 3830 pertinentes
1921 3743 2035 3812 eidem
2060 3763 2137 3810 mo-

282 3903 453 3980 nasterio,
478 3907 514 3970 61
537 3907 592 3970 est
615 3903 693 3988 ipsa
716 3919 826 3968 causa
850 3898 995 3966 mobilia
1018 3897 1156 3964 codices
1180 3899 1253 3963 tres
1277 3896 1449 3982 grecislri.
1474 3897 1595 3984 capita
1618 3897 1661 3964 de
1685 3916 1814 3984 pecora
1837 3897 1966 3984 biginti
1989 3897 2073 3972 dua,
2100 3899 2137 3962 et

282 4076 394 4125 unum
417 4058 558 4146 parium
582 4057 625 4124 de
650 4057 741 4133 bebi,
768 4059 805 4122 et
829 4074 901 4122 una
924 4053 1095 4130 iumenta;
1114 4053 1151 4118 ot
1166 4053 1290 4119 amodo
1315 4055 1351 4118 et
1375 4070 1487 4140 usque
1504 4071 1614 4120 unum
1630 4070 1764 4119 annum
1780 4052 2006 4138 completum,
2025 4053 2140 4120 deant

280 4213 350 4298 ipsi
373 4216 478 4299 pater
501 4213 539 4279 et
560 4211 654 4278 filius
677 4211 716 4277 in
739 4211 814 4296 ipso
838 4208 1054 4276 monasterio
1077 4224 1141 4274 sex
1166 4207 1286 4295 capita
1309 4207 1353 4274 de
1376 4205 1475 4292 porci
1499 4207 1607 4284 boni;
1633 4210 1669 4274 et
1695 4225 1767 4274 una
1790 4225 1905 4292 genca
1929 4209 2044 4283 bona,
2070 4206 2136 4273 tali

280 4366 408 4434 ordine
432 4366 506 4453 ipso
530 4368 746 4434 monasterio
771 4384 852 4432 cum
875 4363 954 4468 ipsa
977 4361 1232 4449 suprascripta,
1259 4365 1365 4430 rebus
1399 4363 1561 4430 stabilem
1585 4365 1621 4428 et
1649 4362 1816 4429 mobilem
1854 4359 1965 4447 ipsius
2005 4360 2134 4430 nicolai

280 4519 432 4588 tradidit
454 4539 517 4607 pro
541 4519 617 4585 vice
641 4537 707 4585 sua
730 4519 767 4584 ot
790 4536 854 4604 pro
877 4515 954 4583 vice
979 4515 1090 4602 ipsius
1113 4517 1206 4584 leoni
1230 4517 1303 4586 filio
1327 4535 1417 4594 suc,
1456 4519 1496 4584 ut
1518 4517 1644 4584 amodo
1675 4519 1711 4582 et
1734 4513 1857 4583 diebus
1896 4516 1968 4583 bite
1993 4517 2139 4584 illorum

281 4677 441 4762 ipsorum
465 4675 568 4760 pater
583 4675 620 4739 et
636 4671 702 4739 dlii
726 4675 818 4740 esset
842 4670 1027 4759 potestatis
1051 4669 1141 4737 illud
1166 4669 1371 4746 tenendum,
1390 4673 1426 4736 et
1442 4669 1651 4756 regendum,
1670 4671 1706 4734 61
1729 4669 2018 4754 gubernandum,
2037 4671 2135 4737 fobec

278 4833 316 4897 et
338 4827 456 4896 omnis
480 4827 624 4894 illorum
650 4825 819 4893 utilitatis
842 4826 938 4893 iusta
962 4825 1101 4892 ratione
1125 4823 1175 4891 ibi
1199 4825 1362 4898 saciant;
1389 4826 1426 4890 et
1449 4822 1506 4891 die
1531 4825 1707 4910 noctuque
1730 4825 1803 4909 ipso
1827 4823 2038 4891 monasterio
2061 4827 2136 4892 offi-

277 4982 377 5050 ciare
403 4984 439 5048 et
459 4977 617 5048 officiare
640 4983 677 5048 et
700 4979 916 5048 alluminare
939 4979 1088 5067 ¹iaciant,
1106 4976 1198 5045 sicut
1222 4977 1396 5045 meruerit
1420 4977 1635 5044 monasterio
1660 4977 1798 5044 villano
1815 4976 1859 5044 do
1874 4973 2038 5045 monachi
2054 4997 2135 5066 gre-

277 5137 323 5215 ci,
350 5139 386 5203 et
409 5136 654 5223 quodcumque
677 5135 714 5202 in
737 5133 812 5221 ipso
836 5131 1051 5201 monasterio
1075 5133 1111 5198 et
1133 5131 1172 5199 in
1195 5132 1270 5218 ipse
1295 5133 1388 5200 casis
1411 5133 1458 5200 ad
1481 5131 1716 5200 conciandum
1744 5132 1896 5209 benerit,
1923 5135 2035 5200 totum
2060 5131 2134 5202 illis

277 5286 369 5356 illud
393 5288 559 5357 conciare
582 5287 718 5356 saciant
740 5287 833 5355 sicot
856 5287 1031 5355 meruerit
1055 5290 1211 5364 bonum,
1245 5289 1282 5353 61
1305 5286 1392 5374 ipsis
1417 5290 1522 5366 rebus
1546 5284 1620 5352 illis
1644 5287 1810 5353 laborare
1834 5289 1870 5354 et
1892 5287 2060 5356 laborare
2084 5291 2135 5356 la-

277 5443 387 5520 ciant,
413 5443 508 5511 sicut
531 5443 716 5520 meruerit,
743 5445 783 5509 ut
805 5443 882 5529 ipse
904 5441 1019 5510 bineis
1042 5459 1181 5528 semper
1205 5442 1393 5529 proficiant
1415 5443 1452 5509 61
1475 5461 1545 5508 non
1570 5441 1804 5529 dispereant,
1835 5461 1897 5510 seu
1920 5445 1956 5510 et
1980 5443 2154 5530 tradidit

275 5601 310 5663 ei
335 5616 400 5684 pro
423 5601 527 5685 parte
551 5601 677 5665 suaet
700 5597 743 5665 de
766 5597 842 5684 ipso
865 5597 937 5664 filio
960 5615 1023 5664 suo
1047 5597 1227 5682 integrum
1269 5597 1442 5664 molinum
1467 5596 1707 5684 pertinentem
1746 5595 1861 5664 eidem
1899 5557 2126 5676 monasterio,

277 5751 373 5838 quod
398 5751 602 5820 edificatum
626 5755 680 5820 est
705 5752 742 5819 in
766 5751 872 5819 flubio
896 5752 1081 5839 petrolano
1105 5770 1185 5819 cum
1209 5752 1306 5819 omni
1330 5753 1550 5838 pertinentia
1573 5755 1610 5821 et
1631 5752 1757 5820 ordine
1781 5751 1824 5819 de
1847 5752 1922 5840 ipso
1946 5753 2129 5829 molinum,
