5452 7108
1016 526 1418 600 llll'LOlldTlCUS
2059 519 2102 594 13

295 727 334 790 61
358 723 482 810 quinto
506 743 599 790 anno
623 723 773 790 ducatus
798 720 895 788 illius
919 721 1038 788 amalfi
1061 723 1097 787 et
1119 720 1290 796 sirrentu,
1317 722 1362 785 Et
1384 719 1539 785 secundo
1563 737 1657 784 anno
1680 716 2003 803 suprascriptorum
2023 715 2155 802 princi-

294 881 444 963 patuum
470 877 708 944 etducauium
733 875 852 944 domni
865 877 978 964 gisolfi
1001 876 1077 942 eius
1099 875 1163 943 11111
1180 876 1304 944 eximii
1316 874 1488 961 principis
1512 879 1548 940 et
1571 873 1682 949 1111616,
1700 875 1736 938 61
1760 871 1876 957 6111116
1900 869 2154 936 annoducatus

298 1031 442 1097 illorum
467 1031 586 1117 apulie
610 1035 646 1096 ot
661 1031 831 1107 calabrie,
858 1049 979 1098 mense
994 1031 1191 1106 ianuarias,
1217 1029 1425 1097 duodecima
1450 1027 1654 1095 indictione.
1672 1028 1794 1112 petrus
1821 994 2037 1091 atrianensis
2062 1023 2156 1090 1111116

300 1187 374 1252 bibi
398 1185 675 1258 clarificaberat,
701 1185 872 1271 quoniam
896 1185 929 1252 ei
953 1184 1152 1271 pertinerat
1186 1186 1231 1251 ab
1255 1183 1369 1270 ipsum
1401 1183 1601 1268 genitorem
1637 1184 1673 1248 et
1697 1181 1879 1266 genetrice
1914 1197 1979 1246 sua
2006 1181 2110 1244 rebus
2133 1197 2156 1244 a

299 1341 394 1406 foras
418 1341 510 1405 banc
535 1339 717 1406 cibitatom
744 1339 921 1406 inlocum
945 1339 1050 1416 lirno,
1076 1341 1112 1404 et
1135 1339 1245 1424 ipsius
1268 1339 1424 1424 genitori
1449 1357 1512 1403 suo
1528 1337 1727 1424 pertineret
1750 1338 1796 1402 ab
1820 1335 1934 1420 ipsum
1959 1334 2081 1418 petrus
2101 1351 2158 1398 ar-

298 1492 640 1580 chipresbiterfilius
656 1493 789 1560 exdicti
805 1493 925 1580 potoni
948 1493 1182 1560 etadauferii
1205 1491 1269 1559 filii
1287 1492 1490 1568 radelcliisi,
1509 1494 1545 1557 et
1568 1511 1588 1557 a
1614 1491 1743 1556 mulier
1763 1489 1905 1556 nomine
1928 1487 2159 1554 landelsenda

298 1645 372 1712 lilia
397 1647 574 1731 quondam
604 1647 735 1712 unoala
758 1649 794 1712 et
817 1665 909 1714 uxor
932 1646 1082 1732 predicti
1105 1645 1276 1722 dauferii3
1302 1649 1337 1712 et
1361 1646 1436 1731 ipsa
1463 1649 1562 1710 terra.
1586 1649 1741 1710 osteum
1766 1643 1871 1709 binea
1895 1645 1931 1708 ct
1953 1641 2157 1710 cannietum

299 1821 369 1868 uno
393 1802 562 1879 teniente,
588 1804 624 1868 et
647 1805 701 1868 est
724 1820 787 1887 per
810 1801 913 1878 111116,
939 1799 1031 1866 sicut
1053 1800 1131 1886 ipsa
1153 1801 1295 1868 cartula
1318 1801 1495 1874 continet,
1522 1805 1558 1865 et
1582 1804 1702 1886 postea
1728 1799 1801 1885 ipsc
1825 1802 1947 1884 petrus
1970 1800 2054 1864 ante
2077 1797 2159 1864 ade-

299 1955 394 2022 mari
419 1959 594 2021 comes-et
621 1955 756 2031 iudex,
790 1955 864 2040 ipse
888 1957 1010 2040 petrus
1033 1954 1126 2020 filius
1161 1953 1233 2020 bibi
1268 1953 1514 2040 suprascripta
1540 1956 1643 2020 rebus
1667 1953 1879 2019 venumdedi
1902 1951 2060 2038 predicto
2085 1951 2160 2018 ursi

298 2108 370 2176 filio
395 2110 501 2186 leoni,
527 2129 590 2194 per
614 2110 857 2196 suprascripte
880 2109 972 2186 finis,
999 2129 1066 2196 que
1090 2109 1159 2176 ista
1182 2108 1291 2174 tertia
1315 2109 1459 2174 cartula
1483 2107 1652 2173 continet:
1679 2110 1724 2174 ab
1748 2107 1884 2172 oriente
1908 2107 1976 2172 fine
1998 2105 2076 2191 ipsa
2099 2103 2158 2170 bia

300 2280 370 2346 que
394 2263 514 2348 pergit
539 2263 583 2328 ad
608 2267 811 2348 pastoran03
830 2283 852 2328 a
876 2261 1023 2328 meridie
1046 2263 1114 2327 11116
1139 2261 1181 2326 de
1205 2260 1283 2358 ipsa
1306 2262 1454 2328 heredes
1479 2259 1636 2327 friderisi
1659 2263 1695 2325 et
1717 2259 1891 2336 radoaldi,
1910 2261 1955 2325 ab
1977 2257 2159 2325 occidente

303 2415 374 2480 11116
398 2416 473 2501 1666
497 2417 601 2484 flubio
625 2416 730 2494 lirnn,
749 2437 771 2483 a
794 2416 1046 2503 septemtrione
1069 2417 1138 2482 11116
1161 2393 1763 2482 (1611616166611116116666161111111.
1790 2415 1942 2478 Tantum
1967 2411 2065 2476 infra
2080 2427 2162 2496 pre-

297 2567 395 2634 dicte
418 2570 498 2636 finis
522 2569 960 2656 exsceptuaberatexinde
977 2569 1068 2656 quod
1091 2568 1202 2654 ipsius
1226 2569 1300 2635 ursi
1317 2588 1387 2635 non
1416 2568 1694 2635 benumdederat
1710 2567 1787 2652 ipsa
1801 2565 2045 2652 suprascripta
2059 2563 2160 2649 pecia

297 2721 343 2788 de
366 2725 465 2790 terra
488 2744 568 2791 cum
593 2724 709 2800 binea,
736 2743 804 2810 que
828 2723 1152 2808 estperlongitudo
1177 2722 1223 2790 da
1247 2725 1416 2789 ambobus
1430 2724 1548 2789 latera
1559 2721 1628 2807 ipsi
1643 2721 1906 2808 quinquaginta
1918 2719 2024 2807 passi,
2042 2721 2078 2784 et
2097 2727 2170 2804 per

301 2875 455 2943 latitudo
479 2895 567 2962 erga
590 2878 667 2963 ipsa
692 2877 750 2944 bia
773 2877 819 2943 da
842 2881 944 2962 parte
968 2876 1135 2952 orientis,
1161 2875 1228 2963 ipsi
1253 2877 1382 2962 biginti
1406 2896 1470 2944 sex
1494 2877 1612 2964 passi,
1638 2879 1720 2942 ota
1754 2877 1857 2961 parte
1880 2871 2072 2942 occidentis
2095 2872 2162 2956 ipsi

301 3031 456 3099 sedecim
484 3031 592 3117 passi,
625 3031 716 3116 quod
741 3031 852 3116 ipsius
878 3032 1025 3097 iohanni
1049 3031 1204 3098 inserte
1227 3031 1384 3106 conenit,
1414 3032 1576 3117 qualiter
1600 3029 1836 3116 supradixi:
1861 3029 2037 3115 simulque
2059 3032 2162 3096 etex

299 3189 556 3272 sceptuaberat
579 3187 661 3253 inde
684 3187 759 3272 ipse
781 3189 904 3272 petrus
926 3186 1020 3252 filius
1044 3186 1116 3252 bibi
1141 3187 1232 3271 quod
1267 3185 1378 3272 ipsius
1405 3187 1480 3252 ursi
1515 3205 1587 3253 non
1612 3185 1889 3252 benumdederat
1912 3188 1987 3252 tota
2009 3183 2162 3252 sortione

298 3339 346 3406 de
370 3339 444 3425 ipso
469 3323 673 3406 cannietum
697 3341 733 3404 et
754 3337 959 3414 salicetum,
986 3338 1077 3424 quod
1093 3337 1256 3424 superius
1279 3338 1353 3424 ipse
1378 3338 1550 3405 iohannes
1574 3338 1612 3404 in
1636 3340 1730 3404 sorte
1753 3339 1986 3424 compreensi,
2008 3337 2164 3424 qualiter

299 3509 411 3578 supra
434 3493 523 3570 dixi3
543 3512 625 3559 nam
649 3492 724 3578 ipso
748 3492 840 3560 aliut
864 3491 938 3578 ipse
962 3495 1084 3578 petrus
1107 3491 1201 3559 1111116
1224 3492 1297 3558 bibi
1321 3492 1432 3578 ipsius
1456 3493 1530 3559 ursi
1555 3493 1844 3570 venumdederat,
1869 3493 1962 3560 sicut
1985 3493 2061 3580 ipsa
2085 3512 2163 3560 car-

302 3648 379 3714 tula
403 3646 576 3722 continet,
603 3665 671 3731 que
686 3646 823 3732 scripta
847 3649 901 3712 est
924 3665 988 3732 per
1004 3646 1205 3713 romoaldus
1221 3646 1395 3723 notarius,
1422 3651 1459 3714 et
1475 3647 1523 3714 ibi
1547 3647 1718 3734 scriptum
1735 3648 1850 3734 ips'um
1866 3647 2025 3714 ademari
2040 3646 2161 3714 iudex.

302 3801 402 3868 Modo
427 3803 546 3867 autem
573 3804 657 3867 sunt
680 3800 860 3867 coniuncti
882 3801 989 3866 finem
1013 3801 1095 3867 inde
1119 3801 1320 3868 faciendum
1340 3827 1348 3879 ;
1381 3805 1435 3868 set
1458 3804 1651 3888 antequam
1675 3821 1739 3888 per
1761 3803 1878 3888 legem
1902 3759 1985 3868 illut
2007 3801 2102 3868 inter
2124 3821 2162 3870 se

301 3954 467 4031 finirent,
494 3959 575 4022 orta
598 3957 652 4020 est
675 3954 769 4020 inter
793 3953 866 4020 illis
891 3954 1153 4022 convenientia:
1179 3953 1254 4040 ipse
1279 3973 1363 4021 urso
1388 3955 1633 4022 manifestabit
1656 3956 1766 4042 ipsius
1790 3956 1960 4024 romoaldi
1984 3957 2027 4024 de
2050 3959 2163 4044 ipsam

298 4109 505 4186 sortionem,
533 4110 624 4195 quod
649 4109 759 4194 ipsius
782 4109 929 4177 iohanni
952 4109 1017 4176 11111
1042 4109 1209 4187 mirandi,
1236 4110 1298 4197 qui
1324 4108 1393 4176 fnit
1417 4079 1505 4177 abus
1530 4109 1680 4196 predicti
1705 4111 1900 4188 romoaldi,
1926 4111 1965 4178 in
1987 4114 2081 4178 sorte
2104 4113 2164 4180 ob-

305 4265 465 4340 benerat,
491 4263 650 4350 qualiter
666 4265 906 4350 suprascripto
931 4267 1074 4331 brebem
1091 4264 1275 4332 dibisionis
1291 4266 1464 4344 continet,
1483 4284 1552 4352 que
1575 4269 1629 4332 est
1652 4284 1715 4350 per
1730 4265 1916 4352 longitudo
1935 4267 1978 4334 de
1994 4271 2161 4337 ambobus

301 4415 420 4483 latera
443 4419 526 4483 sunt
549 4418 642 4502 passi
667 4417 949 4504 quinquaginta,
975 4423 1011 4484 et
1033 4438 1097 4504 per
1120 4418 1275 4486 latitudo
1300 4440 1321 4486 a
1346 4424 1449 4507 parte
1473 4421 1621 4487 orientis
1645 4441 1715 4507 per.
1732 4421 1809 4508 ipsa
1833 4422 1892 4489 bia
1914 4421 2008 4508 passi
2033 4422 2157 4508 bigint'

299 4588 377 4646 sex;
404 4573 440 4636 et
454 4571 500 4637 da
514 4573 616 4655 parte
639 4570 830 4638 occidentis
846 4572 939 4657 66661
955 4571 1119 4639 sedecim.
1146 4574 1317 4640 Similiter
1341 4577 1377 4640 et
1393 4573 1466 4660 ipse
1491 4595 1572 4642 urso
1589 4575 1832 4660 manifestabit
1854 4576 1965 4662 1661116
1989 4577 2159 4645 romoaldi

300 4727 347 4792 de
371 4725 449 4811 ipsa
472 4727 593 4802 sorte,
632 4725 723 4810 quod
747 4723 822 4812 ipse
846 4727 1018 4793 iohannes
1042 4729 1278 4814 compreensit
1301 4729 1344 4796 de
1369 4729 1443 4816 ipso
1467 4731 1674 4799 oannietum
1699 4735 1735 4798 ct
1757 4732 1974 4810 salicetum,
2012 4733 2166 4820 qualiter

304 4879 420 4964 ipsum
445 4882 587 4946 brebem
611 4879 795 4948 dibisionis
818 4881 988 4958 continet,
1003 4885 1042 4948 ut
1065 4901 1204 4968 semper
1228 4883 1303 4971 ipse
1327 4885 1529 4954 romoaldus
1553 4865 1588 4952 et
1604 4888 1823 4972 grimoaldus
1846 4887 2010 4974 germani
2033 4907 2108 4967 suo,
2126 4893 2163 4956 et

303 5033 453 5100 illorum
478 5035 638 5112 heredes
664 5035 839 5102 securiter
854 5038 987 5104 habere
1011 5037 1089 5124 ipsa
1104 5037 1247 5106 illorum
1271 5040 1455 5118 6611161166,
1482 5042 1637 5126 qualiter
1653 5043 1727 5128 ipse
1751 5041 1830 5110 abio
1846 5043 1992 5110 illorum
2016 5043 2054 5110 in
2069 5049 2163 5112 sorte

304 5189 542 5272 compreensit
565 5209 630 5276 per
653 5189 771 5275 ipsum
795 5193 938 5258 brebem
954 5189 1148 5270 dibisionis,
1175 5197 1307 5280 absque
1330 5195 1426 5263 omni
1450 5196 1704 5262 contrarietate
1721 5197 1831 5283 ipsius
1858 5197 1933 5264 ursi
1956 5201 1993 5264 et
2007 5198 2050 5263 de
2066 5198 2162 5266 illius

302 5342 467 5408 heredes.
494 5346 539 5408 nt
562 5343 636 5428 ipse
660 5345 864 5412 romoaldus
888 5346 1131 5414 manifestabit
1154 5347 1277 5432 1661116
1288 5349 1363 5415 ursi
1387 5350 1433 5416 da
1450 5349 1529 5436 ipsa
1552 5361 1721 5417 mensura
1736 5351 1774 5417 in
1798 5355 1901 5438 parte
1924 5352 2115 5418 occidentis
2130 5356 2166 5418 et

303 5499 344 5564 in
370 5502 474 5586 parte
497 5499 657 5576 meridie,
684 5499 840 5586 qualiter
856 5501 971 5588 ipsum
987 5503 1129 5568 brebem
1145 5503 1403 5588 pastenationis
1428 5505 1599 5581 continet,
1618 5508 1654 5572 et
1677 5525 1743 5591 pro
1760 5506 1930 5592 congnita
1945 5525 2052 5574 661166
2068 5525 2165 5573 men-

301 5671 435 5719 surare
460 5654 526 5721 feci
551 5653 774 5739 aliquantum
798 5655 841 5721 de
864 5655 942 5742 ipsa
965 5659 1070 5723 rebus
1093 5656 1203 5742 ipsius
1227 5658 1313 5724 ursi:
1341 5660 1370 5722 Α
1396 5660 1497 5745 parte
1521 5659 1785 5746 septemtrionis
1808 5659 2000 5746 incipiente
2023 5663 2068 5728 ab
2091 5681 2161 5729 uno

303 5807 456 5876 termine
481 5809 542 5895 qui
566 5811 686 5876 fictum
711 5813 788 5884 est,
815 5809 874 5877 ubi
899 5827 935 5875 se
960 5811 1141 5895 eomplunt
1165 5810 1232 5897 ipsi
1256 5812 1520 5898 quinquaginta
1543 5813 1664 5900 passi,
1691 5815 1837 5902 abipsa
1861 5815 2001 5882 abiente
2025 5815 2062 5882 in
2085 5817 2162 5902 ipsa
