5454 7104
1023 497 1475 578 btriouuulcus

1143 901 1375 984 MCXIII

1105 1219 1167 1292 A.
1196 1215 1254 1294 D.
1285 1218 1410 1295 1049

378 1511 406 1601 †
430 1515 467 1578 lu
492 1513 633 1581 nomine
657 1514 790 1582 domini
815 1515 995 1584 tricesimo
1019 1517 1133 1602 primo
1157 1535 1250 1584 auno
1274 1515 1495 1605 principatus
1519 1519 1638 1586 domni
1654 1519 1869 1604 guaimarii,
1885 1524 1922 1588 et
1936 1521 2072 1590 decimo
2089 1541 2184 1590 anno

332 1663 482 1732 ducatus
504 1665 579 1733 eius
602 1668 722 1734 amalfi
745 1670 782 1734 et
802 1668 987 1746 surrenti,
1021 1671 1057 1734 et
1079 1669 1227 1754 septimo
1265 1687 1358 1736 anno
1381 1669 1704 1756 suprascriptorum
1728 1669 1992 1757 principatuum
2017 1675 2054 1739 et
2077 1673 2186 1740 duca-

333 1823 433 1888 tuum
457 1821 578 1889 domni
604 1823 728 1908 gisulfi
750 1823 826 1891 eius
848 1820 911 1890 filii
935 1823 1059 1890 eximii
1083 1822 1254 1908 principis
1278 1827 1315 1890 et
1336 1823 1448 1900 ducis,
1474 1843 1594 1891 mense
1618 1826 1822 1902 februario,
1847 1813 2004 1893 secunda
2027 1826 2192 1897 indictio-

333 1997 389 2045 ne.
427 1980 718 2047 Memoratorium
742 1981 875 2048 sactum
900 1999 922 2048 a
945 2000 1000 2048 me
1026 1979 1175 2047 domnus
1200 1984 1370 2050 iohannes
1393 1981 1515 2067 gratia
1537 1982 1594 2050 dei
1619 1984 1732 2050 abbas
1755 1983 1962 2050 monasterii
1984 1987 2107 2052 sancte
2129 2003 2183 2054 so-

332 2133 388 2224 tie,
414 2133 475 2218 qui
498 2131 606 2200 situm
630 2136 684 2199 est
705 2133 803 2200 intus
826 2133 971 2201 cibitatc
993 2135 1141 2212 salerni,
1168 2138 1254 2202 ante
1278 2136 1469 2222 subscripti
1494 2137 1617 2212 testes,
1642 2155 1706 2222 per
1729 2137 2039 2205 demandationem
2063 2139 2183 2207 domni

331 2285 476 2372 paldolfl
499 2285 652 2371 glorioso
676 2305 792 2353 comes
815 2287 963 2354 domnus
988 2286 1098 2374 ipsius
1124 2287 1349 2364 monasterii,
1374 2307 1439 2375 per
1461 2288 1737 2366 combenientia,
1762 2308 1829 2375 pro
1853 2291 1955 2375 parte
1979 2289 2089 2375 ipsius
2113 2310 2189 2357 mo·

331 2439 495 2516 nasterii,
520 2442 557 2505 et
579 2458 642 2525 pro
666 2442 769 2526 parte
792 2438 953 2506 mulieris
976 2438 1117 2506 nomine
1140 2458 1283 2526 gemma
1306 2460 1374 2528 que
1398 2440 1468 2509 fuit
1491 2461 1582 2508 uxor
1606 2441 1783 2530 quondam
1806 2442 1987 2528 guaiferii,
2014 2443 2075 2530 qui
2109 2443 2185 2530 ipso

337 2592 590 2659 monasterium
614 2593 835 2666 construxit,
861 2593 1011 2660 tradidit
1033 2593 1190 2660 rainaldi
1213 2593 1287 2660 filio
1312 2595 1386 2662 ursi
1411 2614 1484 2662 una
1506 2594 1607 2680 pecie
1630 2595 1673 2662 de
1698 2598 1823 2672 terra,
1849 2595 1941 2682 quod
1965 2615 2048 2681 pars
2071 2595 2188 2682 ipsius

332 2747 536 2814 monasterii
560 2749 597 2813 et
618 2747 788 2815 iamdicta
811 2768 953 2834 gemme
975 2751 1058 2816 abet
1080 2749 1181 2815 intra
1204 2748 1291 2816 flues
1315 2747 1357 2814 de
1382 2748 1553 2826 nucerie,
1580 2751 1641 2816 ubi
1666 2751 1705 2816 at
1728 2751 1829 2835 pecte
1852 2749 2012 2826 dicitur,
2032 2769 2107 2836 ¹que
2132 2752 2187 2818 est

331 2923 395 2990 per
418 2923 458 2970 ec
481 2904 561 2972 finis
583 2907 620 2970 ct
642 2905 836 2972 mensoria:
862 2924 884 2971 a
906 2907 1010 2991 parte
1033 2903 1297 2971 sebtemtrionis
1320 2905 1389 2971 dne
1415 2905 1475 2972 bia
1497 2903 1674 2982 stabiano,
1702 2904 1786 2971 inde
1810 2905 1905 2990 passi
1929 2903 2130 2982 duodecim3
2157 2923 2179 2973 a

332 3059 436 3142 parte
458 3057 607 3124 orientis
629 3059 698 3124 fine
722 3057 833 3143 ipsius
857 3057 1032 3135 rainaldi,
1058 3057 1140 3124 inde
1164 3056 1259 3143 passi
1282 3058 1447 3125 duocenti
1471 3057 1601 3144 viginti
1626 3035 1805 3146 quadtuor
1828 3029 1843 3123 εΙ
1862 3075 1884 3124 a
1906 3061 2009 3144 parte
2032 3057 2182 3126 meridie

333 3211 401 3313 fine
424 3211 535 3297 ipsius
557 3213 776 3288 monasterii,
791 3213 873 3280 inde
896 3211 992 3299 passi
1015 3211 1158 3298 biginti:
1184 3231 1206 3278 a
1229 3230 1312 3297 pars
1338 3209 1530 3278 occidentis
1554 3209 1725 3278 similiter
1747 3211 1817 3278 fine
1840 3209 1952 3297 ipsius
1976 3213 2188 3282 monasterii

329 3369 366 3432 et
389 3368 627 3453 coniungente
649 3387 687 3434 se
711 3367 749 3434 in
772 3367 850 3454 ipsa
875 3367 932 3434 bio
955 3367 1074 3454 priore
1096 3369 1179 3444 ssne,
1206 3367 1289 3434 inde
1311 3367 1407 3455 passi
1430 3367 1495 3434 alii
1519 3367 1685 3434 duocenti
1709 3367 1839 3452 triginti
1866 3367 2055 3452 quadtuor‚
2071 3371 2185 3438 totum

328 3523 367 3587 at
388 3521 481 3588 iusto
504 3540 610 3608 passu
633 3521 762 3588 ominis
785 3523 839 3587 est
862 3523 1118 3598 mensuratum
1143 3539 1183 3586 ec
1198 3503 1293 3586 vvero
1309 3521 1473 3607 predicta
1496 3523 1596 3607 pecia
1620 3521 1663 3588 de
1687 3525 1787 3588 terra
1810 3541 1875 3608 per
1890 3521 2079 3592 iamdictos
2094 3525 2187 3592 flnes

328 3679 365 3741 et
390 3693 587 3748 mensures,
612 3677 652 3739 ut
674 3673 838 3760 superius
862 3673 1009 3759 legitur,
1027 3691 1092 3758 ego
1116 3674 1319 3741 nominatus
1343 3678 1453 3742 abbas
1476 3695 1539 3762 pro
1564 3678 1668 3761 parte
1693 3675 1805 3762 ipsius
1829 3677 2052 3754 monasterii,
2071 3681 2107 3743 et
2122 3698 2186 3764 pro

328 3828 403 3897 bice
425 3829 536 3916 ipsius
559 3847 711 3915 gemme,
737 3848 801 3915 per
823 3827 1005 3895 iuxionem
1030 3829 1141 3915 ipsius
1168 3828 1288 3895 domni
1312 3829 1457 3915 paldolfl
1484 3829 1650 3898 inclitum
1673 3830 1759 3897 illut
1774 3830 1885 3918 ipsius
1901 3831 2055 3900 rainaldi
2071 3834 2110 3898 at
2125 3851 2187 3918 pa-

325 3982 540 4052 stenandum
563 3984 748 4048 arbustum
772 3980 921 4047 tradidit
944 3999 1024 4046 cum
1047 3979 1172 4047 omnia
1195 3980 1293 4049 infra
1314 4001 1352 4049 se
1376 3985 1549 4060 abentes,
1583 3986 1619 4049 et
1642 4003 1723 4050 cum
1749 3982 1831 4051 bice
1854 3983 1897 4051 de
1920 3984 1977 4052 bie
2000 4002 2089 4063 sue3
2115 3987 2183 4052 tali

326 4136 500 4214 ordinem,
519 4139 558 4203 ut
581 4135 705 4203 amodo
730 4136 767 4200 et
788 4135 887 4202 omni
910 4137 1067 4222 tempore
1091 4136 1130 4202 at
1152 4153 1218 4203 sua
1240 4138 1277 4202 et
1300 4137 1343 4204 de
1366 4138 1439 4206 suis
1463 4139 1629 4240 eredibus
1654 4137 1729 4206 sint
1743 4138 1928 4225 potcstatis
1943 4138 2028 4206 illut
2044 4143 2182 4218 tenere,

327 4297 542 4379 postauam,
568 4291 695 4369 sebee,
721 4292 835 4358 omnis
857 4309 920 4359 sue
945 4291 1113 4358 utilitatis
1136 4289 1241 4359 iuxta
1265 4291 1439 4359 rationem
1463 4292 1593 4360 ibidem
1620 4291 1783 4370 iaciant,
1817 4297 1854 4360 et
1876 4310 1934 4360 eos
1958 4293 2043 4361 illut
2066 4297 2184 4380 peste

300 4465 427 4534 mare,
452 4450 589 4533 potare,
616 4445 867 4533 propaginare,
893 4448 940 4522 et,
956 4447 1014 4513 ubi
1037 4449 1224 4523 meruerit,
1239 4448 1383 4514 arbores
1407 4449 1444 4512 et
1466 4446 1556 4514 bites
1580 4446 1664 4513 illut
1687 4445 1818 4514 ibidem
1842 4445 2022 4532 plantare.
2048 4447 2104 4515 Sic
2127 4450 2185 4515 ta-

323 4573 435 4679 men,
467 4605 507 4669 ut
529 4603 654 4670 amodo
680 4605 716 4668 et
739 4619 850 4688 usque
872 4619 909 4668 se
933 4603 1114 4687 complunt
1137 4600 1323 4668 duodecim
1347 4603 1433 4667 anni
1459 4599 1497 4668 in
1520 4605 1595 4669 toto
1619 4601 1698 4688 ipsa
1723 4600 1937 4669 tradictione
1961 4597 2097 4668 abeant
2115 4601 2183 4668 ibi-

245 4733 250 4742 ’
325 4754 404 4824 dem
429 4758 614 4824 arbustum
643 4759 783 4833 bonum,
801 4758 1028 4843 pastenatum
1053 4773 1181 4823 vonum
1205 4765 1241 4820 et
1264 4755 1415 4830 surtum,
1440 4753 1533 4821 sicut
1556 4753 1599 4821 de
1629 4755 1745 4820 tantos
1761 4763 1873 4820 annos
1888 4753 1986 4820 locus
2010 4755 2085 4839 ipse
2101 4773 2177 4820 me-

324 4911 460 4988 ruerit,
485 4914 522 4977 et
544 4910 591 4977 da
614 4907 682 4996 ipsi
705 4909 890 4976 duodecim
913 4907 1000 4976 anni
1023 4907 1062 4974 in
1085 4911 1219 4983 antea,
1244 4907 1521 4993 omnitempore
1544 4905 1754 4975 annualiter
1778 4905 1861 4972 illut
1884 4909 2115 4992 pastenarent
2137 4911 2178 4974 et

251 5160 256 5169 .
323 5065 543 5142 lavorarent,
569 5064 664 5131 sicut
687 5065 785 5132 locus
807 5064 883 5149 ipse
906 5045 1090 5138 meruerit,
1116 5065 1156 5128 ut
1180 5061 1218 5129 in
1242 5063 1371 5130 melius
1394 5061 1582 5148 proficiant
1604 5065 1640 5129 et
1664 5083 1737 5130 non
1761 5063 1977 5149 dispereant
2003 5066 2041 5130 et
2063 5083 2176 5150 quan-

325 5223 400 5287 tum
423 5221 544 5288 binum
568 5219 694 5287 amodo
717 5220 754 5286 et
776 5235 887 5304 usque
909 5216 1030 5283 decem
1054 5217 1141 5284 anni
1165 5216 1296 5284 ibidem
1321 5217 1402 5284 illut
1425 5217 1563 5296 iecerit,
1590 5219 1752 5288 inclitum
1777 5219 1859 5286 illut
1881 5217 1949 5286 sibi
1973 5219 2146 5296 abeant,t
2166 5254 2182 5270 -

321 5373 485 5443 ciendum
520 5375 611 5461 quod
649 5373 819 5443 voluerit.
856 5376 901 5440 Et
923 5371 969 5438 da
992 5369 1059 5457 ipsi
1083 5371 1204 5440 decem
1229 5373 1315 5440 anni
1351 5377 1388 5442 in
1412 5377 1520 5442 antea
1543 5393 1607 5460 per
1630 5375 1744 5444 omnis
1768 5395 1902 5442 annum
1926 5394 1990 5460 per
2016 5377 2174 5462 tempore

328 5529 370 5596 de
394 5529 571 5596 bindemie
587 5507 724 5596 iaciant
745 5529 829 5596 illut
851 5531 887 5595 et
902 5547 982 5596 suos
1005 5527 1127 5597 eredes
1151 5548 1237 5615 pars
1261 5529 1371 5615 ipsius
1395 5529 1603 5597 monasterii
1618 5532 1655 5595 et
1671 5528 1840 5597 iamdicta
1856 5548 1998 5615 gemma
2020 5532 2057 5595 et
2073 5529 2180 5597 illius

322 5681 458 5760 eredes,
484 5683 524 5747 ut
547 5677 745 5766 dirigamus
768 5681 801 5748 ei
825 5681 969 5748 missum
994 5685 1166 5758 nostrum,
1193 5685 1229 5748 et
1254 5681 1316 5748 ille
1340 5685 1377 5748 et
1399 5700 1479 5749 suos
1502 5681 1625 5748 erodes
1648 5681 1730 5748 illut
1752 5681 1986 5759 bindemiare,
2003 5685 2040 5748 et
2054 5645 2178 5748 omnis

325 5835 466 5912 binum,
492 5833 586 5922 quod
611 5834 693 5901 inde
716 5835 858 5911 exierit,
873 5853 952 5900 cum
977 5837 1051 5920 ipso
1075 5833 1219 5900 missum
1245 5833 1329 5900 illut
1350 5834 1508 5902 dibibere
1531 5855 1595 5923 per
1619 5833 1858 5902 medietatem:
1877 5833 1963 5918 illut
1978 5833 2085 5899 tollat
2108 5850 2179 5898 me-
