5452 7108
469 435 523 490 xri
1187 407 1354 490 INDEX
1383 403 1579 485 CHRON.

410 603 2379 647 mma—*a-

908 701 930 735 n

1093 731 1125 826 ,g
1262 721 1393 784 Nomen

747 818 776 929 Ω,
908 813 930 912 ἒ
1093 831 1124 940 ξ
1308 837 1343 902 ol
1557 833 1775 896 Membranae
1796 832 2026 896 summarium
2144 871 2165 902 ,,

748 941 775 989 ⁴²
900 937 930 1063 ἔ
1095 943 1125 1016 Ξ
1188 958 1274 1020 Anni
1293 953 1465 1033 Principis

1505 1227 1675 1290 terrarum,
1692 1223 1859 1293 Nuceriae,
1882 1221 2002 1292 Ioanni,
2014 1219 2078 1281 filio

1505 1302 1645 1366 naturali
1667 1301 1853 1365 Guisenolfi.
2136 1299 2180 1362 [X
2229 1298 2269 1360 83
2324 1299 2364 1361 35

487 1469 633 1540 MLXXX
723 1465 802 1526 1047
882 1467 965 1527 Maio
1074 1463 1128 1525 XV
1203 1463 1254 1525 09.
1278 1462 1455 1525 Guaimarii
1546 1463 1662 1524 Petrus
1684 1461 1794 1534 filius,
1828 1480 1892 1540 qm.
1919 1459 2024 1520 Reulfi
2045 1464 2076 1520 et

1505 1559 1585 1602 uror
1600 1544 1670 1604 eius
1686 1541 1795 1603 Grima
1817 1541 1934 1602 donant
1950 1539 2078 1618 Maghe-

1504 1623 1611 1691 nolio.
1635 1622 1700 1682 filio
1721 1617 1913 1700 Maghenolfi
1935 1619 2077 1699 quinque

1503 1705 1607 1763 terras
1629 1705 1662 1762 in
1686 1703 1754 1763 loco
1794 1701 1961 1763 Flocconu
1993 1701 2077 1781 apud

1505 1781 1688 1844 Nuceriam.
2134 1778 2179 1839 lx
2228 1776 2268 1838 84
2324 1779 2364 1842 38

476 1949 638 2020 MLXXXI
721 1941 802 2004 1047
872 1943 962 2005 lunio
1201 1940 1252 2002 99.
1277 1939 1453 2002 Guaimarii
1543 1941 2077 2022 D.AlpheriusAbbaslocalquas-

1506 2021 1579 2082 dam
1600 2028 1703 2084 terras
1733 2021 1895 2084 Ecclesiae
1923 2020 1956 2082 S.
1978 2021 2078 2084 Maxi-

1504 2102 1560 2169 mi.
1578 2103 1629 2163 cui
1643 2109 1768 2182 praeest
1784 2103 1913 2182 quidam
1928 2100 2074 2162 Romual-

1504 2183 1575 2252 dus,
1594 2183 1672 2245 sitas
1684 2185 1716 2244 in
1730 2181 1977 2262 campoMaione
1992 2181 2076 2263 apud

1504 2263 1686 2324 Nuceriam.
2133 2255 2177 2318 1x
2227 2254 2268 2318 85
2323 2261 2363 2322 39

1201 2419 1252 2481 79.
1276 2417 1453 2480 Guaimarii
1543 2420 1801 2484 Memoralorium
1827 2421 1992 2483 locationis
2013 2427 2077 2482 ter·

1504 2519 1558 2563 rae
1579 2501 1610 2562 in
1634 2503 1701 2564 loco
1717 2521 1831 2580 cum-po
1846 2503 1977 2564 Maione
1992 2501 2075 2563 dicto

1505 2582 1587 2660 apud¹
1602 2584 1773 2645 Nuceriam
1787 2583 1827 2643 ab
1841 2582 1992 2661 Alpherio
2008 2583 2072 2644 Ab·

1505 2661 1577 2722 bale
1599 2663 1759 2724 Ecclesiae
1781 2662 1813 2724 S.
1836 2663 1990 2732 Maximi.
2013 2663 2076 2722 llo-

1505 2743 1640 2814 moaldo‚
1654 2745 1716 2806 filio
1732 2763 1795 2823 qm.
1811 2743 1936 2804 loannis
1953 2743 2072 2805 clerici.
2131 2733 2176 2797 lli
2226 2733 2266 2796 86
2321 2739 2362 2800 40

1199 2897 1250 2959 99.
1275 2898 1453 2960 Guaimarii
1544 2905 1794 2967 Inslrunienlum
1826 2901 1989 2964 divisionis
2020 2903 2075 2964 bo-

1503 2982 1616 3045 norum
1638 2985 1677 3045 ad
1709 2986 1787 3046 fines
1812 2983 1971 3045 Lucaniae
1985 2984 2072 3055 ‚aubi

1505 3067 1630 3145 proprie
1646 3065 1707 3124 duo
1728 3063 1858 3124 flumina
1880 3063 2007 3134 dicitur,
2027 3067 2075 3126 in-

1503 3149 1552 3204 ter
1567 3145 1729 3207 dominum
1750 3144 1930 3223 Principem
1949 3144 2073 3206 Salerni

1503 3221 1734 3296 Guaimarium‚
1758 3229 1790 3284 el
1815 3221 1992 3288 Guidonem
2014 3225 2072 3288 du-

1503 3321 1570 3365 cem
1592 3311 1624 3365 et
1638 3303 1827 3366 Pandolfum
1850 3306 1919 3366 eius
1942 3307 2069 3368 fratres.
2132 3295 2177 3356 ῙΧ
2225 3292 2264 3353 87
2321 3298 2357 3358 11

1090 3455 1098 3472 '
1200 3458 1251 3519 29.
1275 3455 1450 3518 Guaimarii
1542 3463 1660 3526 Divisio
1671 3471 1831 3526 terrarum
1845 3465 1878 3524 in
1892 3464 1961 3526 loco
1985 3463 2074 3525 Vete-

1501 3543 1533 3602 ri
1555 3544 1639 3606 inter
1661 3545 1833 3614 Ioannem,
1866 3543 1967 3606 lilium
1998 3544 2071 3607 Ursi

1502 3622 1546 3684 De
1579 3624 1711 3706 Lupino,
1735 3629 1767 3684 et
1798 3623 1936 3686 Leonem
1967 3625 2073 3686 Atria-

1501 3722 1645 3766 nensem.
2130 3697 2174 3759 IX
2225 3691 2265 3753 88
2320 3695 2361 3756 45

1198 3855 1248 3920 99.
1274 3854 1450 3918 Guaimarii
1542 3861 1839 3925 Localioterrarum
1853 3862 1886 3922 in
1899 3859 1967 3924 loco
1979 3862 2073 3925 Eloc-

1503 3949 1632 4011 cano.et
1643 3945 1769 4023 proprie
1784 3943 1839 4004 uhi
1855 3943 1971 4004 dicitur
1983 3944 2074 4005 Com-

1502 4023 1621 4082 minata
1642 4023 1683 4084 ad
1698 4022 1910 4090 Palmenlum.
1936 4041 1995 4104 per
2015 4024 2074 4085 Mi-

1501 4118 1572 4162 rum
1587 4102 1737 4170 iudicem,
1761 4101 1862 4162 filium
1901 4121 1943 4164 m.
1956 4103 2074 4164 Miran-

1501 4179 1532 4242 di
1553 4181 1750 4250 subdiaconi.
1764 4181 1863 4243 Mario
1911 4181 2070 4248 alzolario.
2129 4175 2174 4236 lx
2223 4169 2264 4232 89
2319 4175 2359 4236 47

461 4337 649 4404 MLXXXVI
722 4335 800 4397 1047
885 4342 965 4403 lulio
1075 4335 1129 4397 XV
1199 4336 1250 4400 99.
1273 4335 1450 4398 Guaimarii
1541 4340 1685 4420 Diploma
1706 4340 1812 4402 Amati
1844 4340 1990 4422 Episcopi
2011 4339 2070 4404 Pe·

1501 4421 1595 4480 stani.
1611 4421 1655 4480 Do
1675 4422 1837 4481 esenrione
1858 4421 2022 4484 Ecclesiae
2037 4420 2069 4482 S.

1500 4499 1735 4580 Preparationis
1751 4501 1789 4562 de
1803 4500 1952 4571 Corneto.
1969 4503 2002 4562 in
2017 4499 2073 4562 he-

1502 4580 1649 4641 neficium
1674 4579 1815 4650 audoin,
1840 4583 1894 4660 qui
1915 4600 1985 4642 eam
2007 4581 2074 4642 edi-

1501 4659 1651 4720 ficaverat
1672 4659 1705 4721 in
1722 4679 1798 4738 agro
1819 4679 1877 4722 suo
1899 4661 1932 4722 in
1954 4659 2070 4724 finibus

1501 4737 1767 4820 Capuiaquensis.
2108 4753 2184 4798 a.m.

904 4859 907 4870 .
2127 4815 2165 4876 Α.
2222 4806 2263 4870 30
2318 4815 2358 4877 49

453 4893 658 4958 nnxxxvu
722 4892 801 4956 1047
846 4903 989 4979 Augusto
1199 4893 1249 4957 99.
1274 4894 1450 4956 Guaimarii
1542 4898 1709 4961 Concessio
1726 4898 1860 4960 duorum
1875 4897 2071 4959 molendino·

1503 4995 1574 5038 rum
1608 4979 1771 5040 Ecclesiae
1805 4978 1837 5040 S.
1873 4977 1994 5040 Mariae
2030 4977 2069 5039 de

1501 5057 1619 5118 Domno
1641 5059 1765 5118 Salerni
1787 5058 1819 5118 in
1841 5057 1935 5117 liuvio
1955 5057 2069 5138 Lymo,

1501 5138 1671 5198 Benedicta
1690 5183 1697 5206 ‚
1734 5137 1799 5197 filio
1820 5136 1993 5216 Odelpardi
2013 5139 2072 5199 Ca-

1501 5217 1606 5306 puam,
1628 5223 1659 5280 et
1681 5218 1799 5287 Leoni,
1823 5217 1887 5278 filio
1909 5237 1973 5298 qm.
2002 5216 2071 5280 Ste-

1502 5297 1579 5356 fani.
2128 5294 2172 5356 IX
2220 5289 2262 5352 90
2316 5291 2354 5354 51

447 5453 669 5520 MLXXXVIII
722 5451 802 5516 1047
843 5461 989 5534 Augusto
1197 5455 1249 5520 99.
1275 5452 1449 5516 Guaimarii
1544 5455 1688 5514 Vendilio
1704 5459 1864 5514 terrarum
1879 5471 1952 5516 curn
1968 5453 2067 5522 silvis,

1500 5534 1613 5615 prolis,
1635 5534 1763 5614 pascuis
1784 5533 1943 5607 Andreae,
1961 5533 2069 5597 abbati
