5398 7106
1016 489 1422 566 blrtonnrlct's
2025 491 2090 568 ill

288 687 357 764 ria,
383 707 455 756 una
477 707 558 755 cum
583 688 696 773 ipsum
721 687 837 755 virum
860 689 898 756 et
914 687 1081 756 mundoal
1098 705 1216 756 meum
1240 691 1276 756 et
1301 681 1438 758 nbslros
1461 688 1597 766 eredes,
1615 689 1661 758 ad
1684 688 1966 777 componendum
1991 688 2143 776 tibigri-

283 841 415 910 moaffli
437 843 568 910 clerico
591 841 648 910 vel
672 842 718 910 ad
743 845 821 910 tuos
844 841 980 919 eredes,
997 842 1074 910 sive
1096 842 1154 910 eui
1180 860 1250 909 unc
1272 841 1446 928 seriptum
1470 841 1548 910 vice
1573 845 1636 909 tua
1659 841 1697 909 in
1721 860 1845 910 manus
1868 843 2043 930 paruerit,
2061 862 2142 912 cen·

284 999 359 1064 tum
382 996 464 1064 auri
486 996 616 1064 solidos
631 995 862 1072 constantinh
880 998 916 1063 et
938 995 1061 1064 omnia
1083 999 1331 1083 suprascripta
1355 1013 1419 1082 per
1435 997 1558 1064 invitis
1586 995 1685 1064 vobis
1700 995 1957 1083 adinpleamus,
1975 1016 2039 1084 per
2055 998 2141 1066 iam-

283 1146 380 1216 diota
402 1147 538 1234 guadio
560 1152 597 1216 et
619 1146 819 1234 predictum
843 1147 1090 1216 mediatorem.
1116 1151 1161 1216 Et
1184 1149 1308 1218 taliter
1331 1145 1441 1236 guido
1463 1149 1702 1219 subdiaconus
1725 1150 1953 1238 primicerius
1985 1153 2022 1218 et
2044 1154 2143 1220 nota·

287 1298 360 1370 rius
382 1302 540 1370 scribere
563 1303 780 1389 rogavimus,
806 1303 867 1392 qui
891 1305 928 1370 et
950 1301 1163 1371 interfuisti.

327 1456 355 1545 †
378 1459 453 1544 Ego
476 1457 538 1545 qui
560 1476 669 1544 supra
692 1457 939 1526 landemarius
961 1457 1115 1525 clericus
1139 1460 1176 1524 el
1199 1457 1320 1526 iudex.
1406 1508 1413 1518 .

325 1609 353 1701 ρ
376 1613 450 1697 ligo
474 1610 696 1698 grimoaldus
718 1611 900 1680 diaconus.

994 1873 1410 1886 u—-an———n-n———u———u-o

1026 2043 1394 2144 Mcnxxvn

1065 2255 1131 2394 n„
1150 2309 1207 2384 1).
1236 2311 1360 2386 1053

322 2577 349 2670 †
373 2579 412 2643 In
436 2571 577 2644 nomine
601 2575 736 2643 domini
760 2573 964 2642 duodecimo
984 2573 1012 2657 ¹)
1037 2594 1132 2642 anno
1156 2575 1379 2662 principatus
1403 2576 1523 2644 domni
1539 2577 1671 2664 gisulfi,
1689 2593 1809 2643 mense
1834 2575 2024 2653 februario,
2039 2579 2143 2643 sexta

279 2727 486 2798 indictione.
513 2727 663 2816 Ideoque
687 2748 753 2816 ego
776 2727 961 2796 maraldus
983 2729 1078 2796 filius
1102 2729 1249 2797 conteni
1274 2749 1339 2816 per
1362 2731 1613 2800 conbenientia
1636 2733 1673 2798 et
1695 2730 1826 2799 salutis
1849 2730 1969 2798 anime
1991 2725 2142 2798 mee'oi-

282 2886 355 2952 iero
378 2903 501 2952 omnes
524 2901 622 2953 meas
647 2903 715 2961 res,
742 2884 834 2972 quod
858 2886 947 2952 abeo
970 2903 1035 2970 per
1059 2886 1136 2952 tota
1159 2885 1229 2951 dne
1252 2885 1295 2952 de
1319 2885 1467 2954 lucania
1488 2888 1526 2953 et
1549 2885 1697 2962 cilenti,
1723 2887 1762 2954 in
1786 2886 2002 2954 monasterio
2025 2886 2141 2954 sancti

287 3040 442 3126 magni,
484 3040 577 3128 quod
601 3039 717 3106 estin
741 3057 841 3106 mons
864 3038 908 3106 de
943 3037 1104 3116 cilento,
1145 3039 1182 3106 in
1206 3059 1247 3108 eo
1272 3041 1417 3117 tinore,
1459 3043 1500 3107 ut
1523 3041 1552 3110 si
1576 3059 1642 3127 ego
1680 3043 1738 3108 vel
1760 3031 1856 3108 meos
1886 3042 2035 3109 heredes
2058 3042 2146 3111 illud

280 3193 497 3261 uoluerimus
520 3193 704 3270 retinere,
745 3193 931 3261 licentiam
970 3196 1142 3261 abeamus
1179 3193 1254 3261 sine
1277 3195 1375 3262 omni
1400 3195 1661 3263 contrarietate
1696 3214 1782 3282 pars
1821 3195 1937 3281 ipsum
1961 3199 2143 3264 monaste·

279 3347 374 3414 rium
411 3347 514 3416 etde
551 3345 628 3416 eius
667 3351 851 3426 rectores3
885 3350 1026 3417 tantum
1050 3369 1115 3436 per
1153 3369 1266 3417 annos
1304 3349 1428 3417 demus
1468 3345 1511 3417 ad
1536 3369 1620 3438 pars
1654 3349 1770 3436 ipsum
1795 3350 2059 3417 monasterium
2098 3349 2136 3416 in

217 3585 221 3592 Ι
280 3503 451 3571 natibitas
474 3503 609 3572 domini
633 3505 805 3591 quattuor
830 3503 997 3572 bracchia
1021 3503 1065 3572 de
1088 3503 1179 3574 ciria
1194 3505 1231 3569 et
1246 3524 1357 3573 unum
1381 3507 1482 3593 pario
1506 3507 1550 3574 de
1571 3507 1691 3575 oblate
1715 3507 1754 3575 in
1777 3508 1912 3594 pascha
1934 3505 2080 3581 domini,
2106 3507 2143 3571 et

277 3659 449 3745 quidquid
472 3660 595 3744 fruges
619 3661 726 3727 abere
750 3657 971 3745 potuerimus
995 3659 1038 3726 de
1061 3660 1189 3726 cuntas
1214 3679 1271 3728 res
1297 3657 1436 3736 nostre,
1456 3661 1530 3730 sint
1554 3665 1744 3749 potestate,
1770 3662 1848 3729 sine
1870 3661 1967 3729 omni
1991 3659 2141 3746 requisi-

282 3815 405 3890 tione,
442 3831 527 3900 pars
550 3817 666 3900 ipsum
690 3812 972 3891 monasterium;
1009 3814 1046 3879 et
1067 3811 1202 3881 siamus
1226 3816 1292 3881 sub
1315 3811 1469 3886 dominio
1492 3817 1529 3882 et
1551 3815 1723 3884 iudicium
1753 3815 1797 3882 de
1821 3816 1936 3903 ipsum
1961 3817 2071 3883 abbas
2095 3814 2139 3881 de

278 3971 354 4054 ipso
378 3969 609 4046 monasterio,
634 3973 683 4048 et,
708 3970 802 4037 sicut
824 3967 994 4047 diximus
1023 3986 1086 4036 nos
1110 3971 1147 4037 et
1170 3969 1302 4038 nostris
1326 3971 1520 4039 heredibus
1544 3972 1590 4039 ad
1614 3970 1847 4039 srudiandum
1871 3973 2042 4038 abeamus
2065 3986 2146 4056 pre-

278 4124 411 4193 dictum
436 4127 559 4192 tenere
583 4128 715 4202 rebus,
741 4125 900 4214 qualiter
923 4125 961 4192 in
985 4124 1102 4212 ipsum
1126 4127 1343 4193 monasterio
1368 4125 1502 4194 tradite
1524 4126 1701 4204 abuimus3
1732 4128 1769 4194 et
1792 4145 1856 4214 per
1879 4123 2140 4193 combenientia

279 4283 478 4368 recepimus
500 4299 565 4368 per
587 4279 723 4367 scripta
746 4283 820 4349 alia
842 4281 986 4348 cartula
1010 4281 1083 4347 ate
1107 4279 1235 4347 domno
1257 4279 1377 4348 aliano
1394 4281 1504 4348 abbas
1527 4280 1685 4348 eiusdem
1702 4281 1912 4349 monasterii
1936 4300 2005 4348 uno
2022 4280 2140 4348 tinore

277 4438 424 4522 scripta,
450 4438 487 4501 et
509 4435 679 4522 guadiam
704 4431 768 4503 tibi
791 4436 919 4502 domno
944 4437 1054 4502 abbas
1078 4434 1221 4502 alfanus
1245 4433 1420 4511 dedimus,
1446 4429 1482 4500 et
1504 4433 1747 4501 fideiussorem
1771 4433 1837 4502 tibi
1860 4434 2042 4521 posuimus
2065 4453 2139 4502 ma-

279 4592 400 4659 raldus
422 4591 517 4659 nlius
540 4591 718 4678 quondam
742 4592 915 4658 iohannes
939 4589 1001 4677 qui
1025 4588 1068 4656 de
1092 4588 1172 4674 gina
1196 4591 1358 4664 bocatur3
1384 4593 1420 4656 et
1444 4609 1507 4678 per
1524 4590 1638 4675 ipsam
1662 4590 1832 4676 guadiam
1854 4589 1973 4676 obligo
1997 4593 2055 4657 me
2070 4607 2137 4676 ego

279 4749 465 4818 maraldus
487 4751 524 4814 et
545 4763 668 4814 ornnes
691 4764 786 4812 meos
808 4745 1014 4823 heredibus,
1042 4745 1080 4812 ut
1103 4746 1200 4812 omni
1226 4749 1385 4831 tempore
1411 4745 1674 4831 adimpleamus
1700 4762 1765 4830 per
1789 4743 1954 4822 hordine,
1981 4744 2137 4832 qualiter

279 4903 463 4979 diximus,
504 4905 541 4968 et
563 4903 639 4970 tota
663 4903 740 4988 ipsa
764 4918 821 4967 res
845 4901 968 4967 nostra
991 4899 1029 4966 in
1053 4899 1212 4986 predicto
1237 4899 1454 4967 monasterio
1479 4900 1568 4967 flant
1601 4901 1638 4965 et
1661 4917 1724 4966 nos
1759 4898 1873 4966 illam
1908 4917 1989 4967 cum
2013 4899 2144 4966 nostris

281 5059 472 5127 heredibus
494 5059 716 5135 srudiemus,
741 5062 779 5125 et
802 5055 1001 5142 predictum
1025 5073 1170 5122 censum
1194 5055 1240 5123 ad
1264 5055 1378 5142 ipsum
1407 5055 1665 5123 monasterium
1689 5053 1902 5122 annualiter
1925 5055 2074 5134 demus,
2095 5063 2138 5126 'et

278 5212 456 5280 rationem
481 5213 670 5281 reddamus
693 5231 774 5279 cum
798 5211 931 5278 nostris
954 5208 1144 5277 heredibus
1168 5209 1214 5276 ad
1238 5228 1323 5296 pars
1347 5209 1463 5297 ipsum
1487 5207 1758 5276 monasterium.
1777 5227 1782 5236 ·
1802 5211 1847 5274 Et
1870 5208 1901 5275 si
1925 5209 2050 5276 taliter
2074 5229 2137 5278 nos

276 5371 315 5433 et
339 5367 468 5434 nostris
491 5365 681 5434 heredibus
705 5383 774 5433 non
797 5361 1113 5451 adimpleberimus
1137 5363 1174 5429 et
1197 5363 1380 5429 remobere
1404 5361 1461 5428 vel
1486 5357 1733 5429 contradicere
1755 5361 1897 5450 aliquid
1920 5361 2003 5430 inde
2018 5345 2137 5430 volue-

276 5519 389 5587 rimus¹
409 5527 475 5607 ρετ
497 5537 559 5586 nos
575 5520 631 5587 vel
646 5537 711 5606 per
733 5517 957 5586 summissam
981 5518 1134 5595 nostras,
1152 5532 1217 5601 per
1240 5515 1355 5601 ipsam
1378 5515 1548 5602 guadiam
1564 5515 1764 5604 obligamus
1787 5536 1851 5585 nos
1865 5504 2046 5605 predictus
2063 5539 2135 5588 ma-

300 5768 341 5844 ij
364 5767 473 5830 Potius
493 5769 676 5832 undecimo.
