5398 7106
1022 506 1470 581 blrtohn‘rlous
2026 511 2096 582 259

292 708 441 776 heredes
465 704 673 794 grimoaldi,
700 703 761 792 qui
784 703 901 771 dictus
924 707 979 770 est
1000 705 1133 782 sculzu,
1159 705 1196 770 et
1219 704 1316 789 passi
1340 701 1584 790 quadraginta
1614 706 1688 770 tres
1715 719 1826 790 usque
1850 703 1963 790 ipsam
1988 703 2144 789 priorem

287 861 404 928 finem.
432 863 477 928 Et
498 861 591 928 sicut
615 859 729 945 ipsius
751 858 870 926 domni
893 857 1053 944 gisulphi
1075 855 1295 924 serenissimi
1318 856 1491 944 principis
1514 875 1715 943 congruum
1739 852 1837 934 luit,
1878 859 1972 924 bona
1995 877 2061 926 sua
2084 876 2144 926 vo-

290 1017 455 1092 luntate,
491 1034 556 1102 per
579 1034 647 1083 anc
671 1013 850 1081 cartulam
874 1012 1021 1080 donabit
1043 1011 1288 1098 suprascripte
1311 1010 1493 1078 dumnelle
1516 1001 1644 1080 inclita
1666 1014 1915 1099 suprascripta
1939 1014 2039 1080 terra
2063 1032 2144 1081 cum

273 1152 448 1238 'arbustis
471 1168 593 1236 vitatis
617 1173 654 1236 et
676 1167 856 1235 castaneis
879 1184 944 1252 per
967 1163 1233 1252 suprascriptas
1255 1167 1343 1234 fines
1366 1170 1403 1234 et
1426 1185 1640 1243 mensuras,
1678 1185 1758 1232 cum
1784 1165 1947 1232 omnibus
1983 1167 2080 1233 intra
2107 1184 2145 1234 se

290 1324 517 1401 habentibus,
542 1322 778 1410 omnibusque
800 1321 874 1390 suis
897 1320 1139 1407 pertinentiis,
1165 1325 1201 1388 et
1221 1341 1305 1398 ¹cum
1329 1321 1407 1388 vioe
1431 1320 1475 1388 de
1497 1272 1577 1407 ipsa
1602 1318 1673 1398 via,
1693 1324 1744 1388 Ea
1761 1320 1914 1388 ratione:
1940 1323 1980 1388 ut
2002 1339 2142 1408 semper

290 1481 534 1566 suprascripta
557 1478 702 1556 donatio
725 1477 835 1545 sitin
858 1479 1033 1563 potestate
1056 1477 1168 1562 ipsius
1191 1477 1370 1544 dumnelle
1394 1481 1431 1544 et
1453 1476 1615 1564 iamdicti
1639 1476 1733 1563 petri
1756 1477 1823 1544 dlii
1846 1476 1958 1562 ipsius
1981 1477 2143 1544 dumnel-

287 1637 322 1700 le
345 1680 355 1708 ,
394 1635 431 1699 et
453 1631 497 1700 de
519 1631 586 1699 filii
610 1634 648 1698 et
668 1631 741 1699 filie
766 1631 827 1718 qui
850 1631 893 1698 de
918 1633 994 1717 ipso
1017 1633 1119 1716 petro
1142 1631 1185 1699 de
1208 1631 1371 1716 legitimo
1395 1632 1561 1718 coniugio
1584 1632 1681 1699 horti
1705 1631 1869 1709 fuerint,
1895 1635 1932 1700 et
1954 1632 1997 1698 de
2020 1651 2144 1702 eorum

286 1788 449 1865 heredem
475 1791 512 1854 et
535 1787 646 1855 liceat
668 1787 785 1875 ipsum
809 1790 951 1874 petrum
975 1791 1012 1854 et
1034 1785 1100 1854 fflii
1123 1789 1160 1853 et
1182 1787 1281 1864 filie,
1308 1787 1370 1874 qui
1394 1788 1437 1854 de
1460 1787 1577 1872 ipsum
1600 1788 1743 1873 petrum
1767 1785 1809 1852 de
1834 1785 1997 1872 legitimo
2021 1787 2139 1855 coniu-

212 1991 215 1998 .
286 1941 345 2026 gio
369 1941 467 2008 horti
491 1942 629 2010 fuerint
651 1945 688 2008 et
710 1961 833 2010 eorum
857 1941 1019 2016 heredes,
1045 1941 1088 2007 de
1112 1957 1155 2007 ea
1178 1943 1297 2010 lacere
1322 1941 1415 2025 quod
1439 1943 1631 2009 voluerint.
1657 1945 1807 2010 rantum
1832 1941 2009 2010 fideiussio
2034 1945 2132 2012 hebe-

285 2096 383 2162 norit
405 2101 441 2162 et
465 2094 576 2184 ipsum
600 2098 740 2182 petrum
762 2095 841 2164 sine
864 2095 938 2162 filio
961 2097 1018 2163 vel
1041 2096 1117 2163 tllia
1139 2096 1183 2164 de
1206 2096 1369 2182 legitimo
1393 2097 1558 2184 coniugio
1582 2097 1726 2174 obierit,
1752 2101 1838 2164 tunc
1861 2097 1990 2164 inclita
2013 2117 2141 2184 supra·

284 2249 419 2336 scripta
442 2241 587 2317 donatio
609 2251 798 2338 perveniat
821 2250 866 2317 ad
889 2251 1103 2337 potestatem
1127 2250 1323 2320 landelaite
1346 2252 1422 2318 filia
1444 2252 1686 2337 suprascripte
1710 2251 1903 2329 dumnelle,
1923 2271 1991 2338 que
2015 2255 2067 2319 est
2081 2271 2138 2320 so·
2225 2301 2228 2308 .

285 2421 366 2470 rore
388 2402 623 2489 suprascripti
647 2403 755 2489 petri,
782 2404 987 2472 laciendum
1010 2403 1095 2472 inde
1118 2405 1185 2472 illa
1208 2407 1245 2471 et
1267 2404 1351 2472 filiis
1373 2405 1515 2472 filiabus
1538 2403 1623 2481 suis,
1642 2404 1735 2492 quod
1760 2405 1956 2471 voluerint.
1983 2406 2136 2484 Tantum

285 2555 316 2620 si
338 2555 414 2642 ipse
437 2559 561 2642 petrus
585 2556 629 2622 de
651 2557 899 2644 suprascripta
922 2557 1115 2625 donatione
1140 2561 1308 2644 quartam
1332 2558 1454 2626 datam
1478 2557 1648 2626 habuerit
1671 2558 1745 2624 illis
1770 2557 1895 2626 diebus
1919 2559 1964 2625 ad
1991 2578 2139 2648 uxorem

286 2727 387 2776 suam
411 2711 546 2777 habeat
571 2711 640 2778 sibi
663 2711 767 2778 illam
789 2711 869 2798 ipsa
893 2730 987 2778 uxor
1009 2731 1088 2788 sua,
1106 2715 1143 2778 et
1166 2712 1278 2780 faciat
1294 2731 1339 2780 ex
1364 2731 1407 2779 ea
1430 2711 1523 2800 quod
1540 2713 1707 2779 voluerit.
1733 2715 1844 2790 Quam
1870 2712 1906 2778 et
1921 2712 1951 2779 si
1968 2712 2046 2798 ipsa
2063 2715 2141 2782 lan·

286 2861 421 2930 delaita
445 2863 614 2930 defuncta
638 2865 749 2931 fuerit
772 2863 848 2932 sine
872 2865 944 2932 filio
969 2865 1145 2942 voltilia,
1182 2868 1268 2932 ωηο
1292 2865 1420 2932 inclita
1442 2865 1689 2952 suprascripta
1713 2866 1858 2933 donatio
1882 2866 2070 2952 perveniat
2094 2868 2139 2934 ad

284 3018 496 3101 potestatem
522 3017 683 3084 iamdicti
707 3017 828 3120 domni
851 3017 1031 3104 principis¹
1051 3019 1088 3084 et
1102 3018 1146 3085 de
1169 3017 1267 3086 illius
1291 3020 1452 3097 heredes
1472 3020 1671 3086 faciendum
1695 3038 1742 3086 ex
1765 3038 1810 3087 ea
1833 3019 1926 3106 quod
1943 3020 2138 3088 voluerint.

285 3172 434 3237 Tantum
459 3172 490 3238 si
513 3169 588 3238 illis
613 3170 737 3238 diebus
760 3171 836 3257 ipse
860 3174 996 3260 petrus,
1021 3171 1116 3239 sicut
1137 3171 1274 3240 dictum
1298 3175 1363 3250 est,
1382 3173 1425 3240 de
1448 3172 1621 3240 iamdicta
1644 3170 1835 3240 donatione
1860 3177 1992 3262 quarta
2016 3175 2140 3242 datam

173 3347 175 3352 ¹
284 3321 451 3389 habuerit
474 3323 519 3390 ad
544 3343 693 3391 uxorem
716 3342 830 3402 suam,
855 3325 996 3393 habead
1019 3325 1121 3392 illam
1145 3325 1224 3413 ipsa
1250 3346 1341 3393 uxor
1364 3346 1430 3394 sua
1453 3329 1490 3393 et
1513 3326 1626 3394 saciat
1648 3327 1692 3394 de
1716 3345 1758 3394 ea
1782 3326 1875 3414 quod
1899 3326 2066 3394 voluerit.
2093 3331 2139 3394 Et

283 3476 313 3543 si
336 3477 414 3564 ipsa
435 3477 618 3547 dumnella
638 3479 712 3547 illis
734 3480 860 3548 diebus
883 3481 968 3550 viba
990 3482 1112 3558 fuerit,
1131 3480 1261 3547 tenead
1285 3481 1571 3568 suprascriptam
1586 3481 1819 3548 donationem
1844 3481 1890 3549 ad
1907 3481 2139 3550 frudiandum

283 3654 345 3703 sue
368 3637 555 3722 potestatis
578 3637 662 3704 dum
686 3637 835 3714 vixerit,
860 3637 964 3704 etde
987 3635 1064 3724 ipso
1089 3635 1278 3712 frudium,
1305 3635 1399 3723 quod
1423 3635 1507 3703 inde
1532 3634 1693 3712 exierit,
1719 3635 1831 3702 faciat
1854 3636 1947 3723 quod
1972 3633 2139 3703 voluerit.
2217 3620 2224 3635 ’

286 3793 330 3858 Et
351 3793 499 3877 propter
522 3791 831 3859 confirmationem
854 3789 962 3858 huius
984 3788 1188 3857 donationis
1211 3787 1368 3875 suscepit
1392 3771 1642 3874 ipsedomnus
1666 3788 1834 3876 princeps
1872 3788 2019 3875 abipsa
2043 3788 2143 3854 dum·

285 3946 391 4022 nella,
409 3945 504 4013 iusta
519 3947 636 4032 legem
660 3945 980 4032 langobardorum,
994 3943 1176 4030 launegilt
1198 3943 1382 4030 grosinam
1408 3961 1518 4010 unam
1541 3941 1581 4009 in
1603 3932 1701 4010 omni
1717 3942 1988 4010 deliberatione.
2012 3945 2049 4009 et
2064 3942 2142 4029 ipse
2252 3979 2256 3988 ·

285 4055 429 4168 domnus
455 4101 622 4188 princeps
645 4119 710 4188 per
734 4093 1021 4188 convenientiam
1046 4097 1217 4185 guadiam
1241 4096 1311 4183 ipsi
1334 4096 1516 4164 dumnelle
1539 4093 1647 4174 dedit,
1666 4096 1748 4163 dum
1773 4115 1950 4164 unacum
1975 4115 2019 4164 ea
2042 4096 2143 4164 ades·

286 4256 341 4322 set
364 4257 637 4341 procuratorem
661 4275 764 4322 suum
784 4279 792 4332 ;
829 4258 866 4321 et
889 4254 967 4340 ipsa
990 4251 1176 4322 dumnella
1199 4253 1315 4340 ipsam
1338 4253 1509 4338 guadiam
1533 4253 1689 4339 suscepit
1711 4272 1776 4340 pro
1799 4253 1905 4338 parte
1932 4270 1994 4319 sua
2018 4254 2055 4320 et
2077 4271 2142 4337 pre

284 4410 389 4495 parte
413 4407 456 4475 de
481 4407 597 4493 ipsum
621 4409 734 4475 filium
758 4412 795 4474 et
819 4407 895 4475 fllia
917 4426 996 4482 sua;
1022 4411 1059 4474 et
1082 4395 1325 4474 fideiussorem
1350 4407 1383 4472 ei
1407 4404 1526 4492 posuit
1548 4425 1612 4493 pro
1636 4425 1703 4473 sua
1727 4409 1763 4472 et
1787 4407 1933 4474 illorum
1957 4409 2061 4494 parte
2084 4425 2143 4493 pe·

281 4563 363 4630 trus
387 4561 542 4628 clericus
565 4564 602 4628 et
626 4561 783 4628 medicus
805 4561 902 4630 illius
927 4561 1107 4650 quondam
1133 4559 1335 4639 romoaldi,
1360 4563 1398 4627 et
1419 4559 1586 4629 iohannis
1609 4559 1675 4626 mii
1700 4560 1878 4646 quondam
1903 4560 2018 4626 allani
2043 4563 2143 4628 nota·

286 4715 346 4784 rii.
383 4717 420 4781 et
443 4733 507 4802 per
530 4713 640 4800 ipsam
668 4715 839 4802 guadiam
863 4717 1041 4802 obligavit
1064 4735 1101 4783 se
1125 4719 1162 4782 et
1184 4735 1267 4820 suos
1290 4715 1441 4783 heredes
1463 4733 1604 4800 semper
1627 4713 1820 4781 defendere
1856 4713 1984 4781 inclita
2017 4731 2143 4800 supra-

288 4869 425 4955 scripta
447 4869 638 4938 donatione
662 4871 772 4956 ipsius
795 4870 990 4946 dumnelle,
1017 4873 1054 4938 et
1077 4870 1123 4938 ad
1146 4869 1216 4958 ipsi
1240 4871 1353 4938 filium
1377 4873 1414 4938 et
1436 4871 1512 4937 fllia
1534 4888 1612 4948 sua,
1637 4872 1675 4936 et
1696 4869 1742 4938 ad
1765 4869 1913 4936 illorum
1936 4833 2086 4938 heredes
2102 4870 2142 4937 in

285 5025 531 5111 suprascripta
556 5024 696 5091 ratione
719 5027 765 5092 ab
786 5025 952 5092 omnibus
975 5025 1184 5093 hominibus
1208 5030 1245 5092 et
1269 5025 1448 5112 partibus.
1489 5028 1534 5091 Et
1556 5023 1587 5092 si
1610 5023 1687 5112 ipse
1721 5024 1870 5092 domnus
1904 5024 2071 5112 princeps
2104 5025 2141 5091 et

292 5193 373 5243 snos
395 5178 544 5245 heredes
566 5179 848 5265 suprascriptam
871 5178 1098 5246 donationem
1124 5177 1281 5266 ipsorum
1305 5181 1422 5246 mater
1456 5177 1582 5245 attilii
1604 5180 1642 5245 et
1664 5179 1710 5245 ad
1745 5178 1890 5246 illorum
1926 5175 2076 5245 heredes
2102 5181 2139 5245 in

291 5331 539 5420 suprascripta
562 5333 703 5402 ratione
726 5333 872 5402 minime
895 5331 1086 5400 defendere
1109 5331 1306 5418 potuerint,
1331 5333 1418 5398 tunc
1440 5295 1535 5397 sicut
1555 5330 1596 5397 win
1618 5331 1778 5398 eamdem
1804 5333 1921 5417 legem
1944 5331 1988 5398 de
2011 5331 2142 5400 donum

288 5491 327 5558 et
347 5478 572 5572 subsceptum
596 5485 778 5572 launegilt
800 5485 984 5563 continet,
1004 5485 1057 5553 ita
1079 5485 1156 5572 ipse
1179 5485 1330 5552 domnus
1353 5483 1520 5571 princeps
1543 5485 1581 5551 et
1603 5501 1685 5551 suos
1709 5483 1856 5552 heredes
1879 5484 2037 5571 ipsorum
2063 5502 2139 5550 ma·

290 5643 346 5711 ter
369 5645 406 5710 et
427 5637 506 5719 tilii,
531 5643 568 5708 et
590 5641 636 5709 ad
658 5640 809 5708 heredes
831 5637 875 5706 de
898 5638 968 5725 ipsi
983 5637 1094 5706 tilium
1120 5641 1157 5707 et
1170 5639 1248 5707 fllia
1270 5639 1384 5726 ipsius
1407 5639 1588 5708 dumnelle
1611 5637 1810 5726 adimplere
1826 5637 1973 5706 saciant.
2000 5640 2045 5704 Et
2061 5637 2137 5724 ipse

285 5795 434 5866 domnus
470 5795 633 5882 princeps
657 5793 786 5861 tribuit
808 5793 993 5861 licentiam
1014 5791 1128 5879 ipsius
1150 5791 1341 5870 dumnelle,
1359 5794 1400 5858 ut
1421 5791 1562 5878 quando
1578 5792 1759 5862 voluerint
1781 5791 1850 5879 ipsi
1872 5791 1985 5859 fllium
2008 5794 2045 5860 et
2061 5791 2139 5860 fllia

2678 6407 2681 6468 ¹

2678 6573 2681 6630 t
