5398 7106
914 651 920 661 ρ
983 543 1404 652 diplomaticus
2025 548 2093 620 227

294 749 357 798 nec
380 731 454 799 suis
476 731 693 811 heredibus,
731 751 794 803 nec
818 735 942 822 quavis
968 738 1071 804 homo
1095 757 1159 824 pro
1183 737 1259 805 eius
1282 697 1445 825 partibus
1468 757 1548 806 eum
1572 737 1623 807 616
1647 738 1777 818 exinde
1801 755 1951 805 causare
1976 697 2040 806 aut
2062 691 2148 807 con·

295 883 442 951 tendere
465 904 535 952 non
559 888 695 972 potere.
721 889 767 954 nt
790 887 1085 958 manifestaverat
1108 893 1149 958 ut
1171 890 1308 959 nullam
1332 891 1656 959 manifestationem
1681 909 1796 978 neque
1820 891 1960 958 nullam
1983 891 2149 978 66616116·

295 1055 377 1104 nem
401 1039 534 1106 habere
558 1059 581 1107 a
602 1043 703 1126 perte
727 1041 838 1128 ipsius
861 1043 995 1110 andree
1010 1043 1166 1130 genitori
1189 1063 1252 1112 suo
1276 1044 1319 1112 16
1343 1063 1566 1132 quacumque
1589 1062 1709 1119 causa,
1728 1041 1823 1111 sicut
1845 1043 1924 1132 ipsa
1947 1023 2150 1112 66616166-

294 1161 397 1257 tinet:
422 1193 556 1280 scripta
577 1213 642 1279 per
664 1195 855 1264 iohannem
880 1197 1061 1265 notarium
1089 1247 1238 1266 .....
1244 1159 1276 1264 ⁵.
1305 1249 1313 1264 .
1342 1249 1349 1262 .
1376 1155 1534 1264 clericus·
1553 1197 1589 1262 61
1611 1195 1783 1264 iohannes
1807 1196 1967 1266 notarius
1994 1199 2031 1264 61
2048 1197 2145 1266 aliis.

295 1343 434 1420 Quinta:
457 1397 612 1413 .....
638 1367 732 1415 6666
756 1349 978 1436 principatus
1001 1349 1120 1418 domni
1146 1351 1293 1418 Iohanni
1319 1353 1354 1416 et
1377 1348 1500 1436 quinto
1524 1367 1617 1416 anno
1640 1348 1761 1416 domni
1783 1349 1981 1435 guaimarii
2005 1349 2082 1418 eius
2105 1345 2145 1417 fl-

293 1495 346 1571 lii,
372 1514 490 1564 mense
513 1500 729 1576 nobember,
754 1501 906 1588 septima
928 1501 1138 1570 indictione.
1163 1503 1242 1589 1666
1265 1502 1359 1570 mira
1383 1501 1511 1568 relicta
1535 1501 1645 1588 ipsius
1680 1502 1824 1569 atenolll
1859 1504 1895 1568 et
1919 1504 2037 1589 pando
2072 1503 2147 1572 lilio

294 1649 369 1718 eius
392 1670 455 1738 666
479 1653 592 1740 ipsam
616 1657 794 1724 cartulam
816 1633 1015 1726 'donaverat
1039 1677 1120 1726 urso
1143 1657 1217 1725 11116
1233 1657 1384 1726 iohanni
1409 1676 1482 1726 una
1505 1657 1643 1745 peciola
1667 1656 1711 1723 de
1735 1661 1834 1723 terra
1858 1659 1994 1734 666166,
2016 1657 2054 1726 16
2077 1677 2148 1746 qua

293 1825 377 1873 casu
398 1809 554 1876 habebat
576 1809 749 1876 iohannes
772 1809 961 1895 presbiter,
986 1829 1051 1898 per
1073 1811 1161 1878 fines
1185 1813 1221 1877 et
1245 1828 1440 1876 mensuras.
1468 1811 1521 1877 Ab
1543 1808 1681 1875 oriente
1705 1809 1797 1886 1166,
1823 1807 1916 1876 61661
1939 1809 2058 1877 media
2081 1829 2144 1897 pa·

295 1959 384 2026 riete
406 1960 537 2028 sabrito
561 1961 806 2040 discernebat,
832 1963 998 2060 etpedes
1022 1963 1310 2051 quattuordecim
1334 1968 1371 2032 et
1393 1965 1580 2032 summisse
1608 2017 1878 2031 ........
1904 1965 1949 2032 16
1972 1983 2056 2032 casa
2079 1968 2148 2034 ste-

293 2109 364 2181 fani
388 2115 547 2201 66616616
570 2120 607 2184 61
628 2099 776 2184 heredes
802 2117 898 2194 ursi,
935 2121 972 2184 61
995 2119 1101 2204 66166
1125 2121 1276 2196 nobem;
1302 2121 1348 2187 ab
1370 2119 1551 2186 occidente
1575 2119 1643 2186 1166
1667 2118 1788 2205 platea
1812 2137 1880 2206 que
1916 2120 2069 2188 ducebat
2095 2120 2140 2188 61

291 2267 544 2336 monasterium
568 2269 684 2336 sancti
708 2267 897 2345 benedieti,
923 2271 959 2335 et
982 2269 1088 2356 pedes
1112 2269 1314 2357 quindecim
1339 2275 1375 2337 et
1398 2271 1651 2349 summiss03et
1674 2272 1717 2338 16
1741 2271 1859 2359 666116
1882 2273 1951 2338 fine
1979 2269 2037 2340 via
2061 2293 2141 2341 car-

292 2423 476 2490 66616666
499 2419 795 2488 6116666111666
819 2421 895 2488 6166
919 2424 955 2488 61
978 2421 1082 2508 66166
1105 2424 1234 2490 nobem
1258 2425 1505 2491 mensuratum
1541 2423 1587 2492 ad
1610 2424 1704 2492 iusta
1728 2445 1873 2492 manum
1898 2425 2061 2506 homini,
2101 2431 2145 2496 ad

290 2573 490 2642 laciendum
514 2573 596 2642 inde
619 2575 681 2641 ille
705 2578 741 2641 61
764 2576 840 2643 6166
863 2576 1011 2644 heredes
1035 2576 1127 2664 quod
1151 2577 1184 2644 ei
1208 2579 1395 2664 placuerit.
1436 2583 1475 2646 In
1499 2578 1566 2646 tali
1591 2579 1741 2648 hordine
1778 2553 2035 2668 utaliquando
2073 2603 2142 2650 666

289 2729 437 2796 haberet
452 2732 661 2816 potestatem
685 2731 884 2817 cuicunque
908 2731 997 2798 illud
1020 2729 1195 2819 darelper
1219 2733 1328 2802 nullis
1352 2733 1476 2810 modis,
1494 2734 1588 2802 sicut
1610 2734 1653 2802 16
1677 2735 1821 2802 illorum
1846 2738 2020 2821 potestate
2047 2743 2143 2808 esset

288 2885 528 2952 substractum
555 2936 563 2950 .
592 2937 599 2950 .
628 2935 637 2952 .
661 2885 815 2973 filiisque
837 2885 982 2954 illorum
1005 2890 1042 2954 61
1065 2886 1255 2955 heredibus
1278 2887 1366 2955 illud
1390 2887 1578 2956 vinderent
1612 2889 1657 2956 ad
1681 2890 1814 2957 iustum
1839 2893 1993 2993 pretium
2016 2941 2024 2971 ,
2049 2895 2143 2961 sicut

287 3037 365 3124 ipsa
387 3042 490 3107 66616
513 3040 694 3118 66611661,
719 3025 889 3128 scriptam
913 3061 977 3128 666
999 3042 1191 3111 iohannem
1215 3045 1418 3120 notarium,
1443 3044 1482 3110 16
1506 3061 1578 3130 qua
1599 3044 1792 3131 subscripti
1826 3048 1911 3113 sunt
1934 3045 2140 3118 teudericus

288 3194 507 3280 maraghdus
530 3197 568 3261 61
590 3193 763 3261 mascinu.
789 3195 910 3264 Sexta·
928 3195 972 3262 de
995 3194 1110 3282 primo
1134 3213 1228 3262 6666
1244 3195 1467 3282 principatus
1491 3195 1611 3264 domni
1634 3196 1781 3264 iohanni
1797 3201 1833 3264 et
1847 3196 1968 3264 domni
1991 3197 2138 3283 guidoni

288 3344 364 3410 eius
386 3344 475 3421 dlii,
502 3363 622 3412 mense
646 3347 816 3430 magius,
841 3344 1051 3412 duodecima
1074 3338 1282 3412 indictione.
1308 3348 1383 3412 ursi
1407 3345 1473 3412 11111
1497 3345 1645 3412 iohanni
1671 3347 1706 3412 16
1731 3345 1929 3432 partionem
1953 3347 1999 3414 ad
2022 3329 2139 3434 paste-

286 3499 443 3566 nandum
467 3496 573 3564 vinea
595 3505 632 3564 et
654 3499 777 3586 pomis,
804 3501 841 3566 61
861 3449 1078 3592 cannetum,
1104 3501 1141 3566 61
1162 3499 1351 3567 salicetum
1374 3497 1576 3602 tradideret
1598 3499 1632 3568 ei
1656 3499 1731 3586 ipse
1755 3499 1872 3586 pando
1895 3499 1968 3569 tilio
1993 3482 2144 3570 atenolfi

286 3655 423 3719 terram
446 3669 669 3738 campensem
697 3703 1077 3720 ...........
1103 3651 1302 3719 1616611666
1325 3635 1362 3718 61
1385 3669 1583 3719 mensuras.
1610 3654 1641 3718 A
1665 3651 1813 3720 meridie
1828 3652 1897 3721 1166
1914 3652 1974 3720 via
1990 3657 2027 3721 61
2042 3658 2139 3741 passi

287 3804 485 3890 nonaginta
507 3805 599 3884 duo;
625 3807 671 3874 ab
693 3805 830 3874 oriente
851 3806 921 3873 fine
944 3805 1097 3883 locubia,
1123 3807 1159 3872 61
1181 3809 1277 3891 passi
1299 3803 1476 3891 triginta3
1514 3807 1550 3870 et
1573 3804 1724 3871 revolvit
1747 3823 1811 3892 per
1833 3805 1913 3894 1666
1935 3805 2078 3875 locubia
2100 3787 2138 3874 in

285 3956 471 4025 occidente
494 3957 590 4044 66661
616 3956 772 4044 triginta
794 3976 886 4036 ser,
926 3960 963 4024 et
987 3957 1140 4026 revolvit
1162 3977 1227 4044 per
1250 3957 1329 4045 ipsa
1352 3957 1494 4026 locubia
1516 3957 1554 4024 in
1577 3957 1830 4046 septemtrione
1853 3957 1949 4045 passi
1973 3960 2139 4028 u'ndecim

287 4113 423 4178 rectum
447 4109 644 4178 mensurati
669 4113 714 4178 ab
738 4110 834 4178 intro
856 4110 970 4197 sepeli
993 4109 1037 4178 (16
1060 4109 1139 4196 1666
1161 4110 1330 4189 1666116,
1364 4113 1402 4177 61
1423 4110 1468 4178 16
1489 4121 1597 4197 super
1619 4110 1688 4179 1166
1712 4111 1823 4198 ipsius
1846 4111 2019 4198 pandonis
2044 4116 2142 4201 66661

285 4263 439 4349 triginta
461 4263 555 4342 duo,
581 4265 636 4332 Ab
658 4263 796 4331 oriente
819 4265 890 4332 166
913 4267 990 4331 6166
1013 4263 1109 4351 passi
1132 4263 1287 4350 triginta
1309 4266 1400 4340 6616,
1425 4262 1469 4330 16
1491 4251 1599 4350 66666
1622 4262 1740 4351 666116
1764 4263 1834 4332 fine
1872 4264 1933 4333 via
1956 4266 2054 4353 passi
2080 4267 2143 4336 de·
2167 4277 2170 4284 '

289 4432 366 4482 cem
389 4417 426 4482 61
447 4419 538 4495 octo;
564 4419 610 4486 ab
633 4416 815 4484 occidente
836 4417 906 4483 166
929 4419 990 4483 via
1012 4416 1156 4504 puplica
1179 4418 1216 4483 et
1237 4417 1324 4484 6661
1346 4415 1441 4504 passi
1465 4416 1709 4504 quadraginta
1733 4419 1860 4484 nobem
1884 4421 2081 4488 mensurati
2096 4419 2141 4490 61
2192 4495 2196 4504 ,

286 4588 440 4657 passum,
466 4571 558 4660 quod
580 4569 761 4658 signatum
786 4570 904 4639 suerat
927 4571 964 4639 16
988 4573 1154 4640 columna
1178 4590 1380 4639 marmorea
1402 4569 1517 4638 sancti
1540 4571 1673 4638 mathei
1703 4571 1747 4638 de
1778 4524 2056 4661 arcbiepiscopio
2087 4593 2142 4642 sa·

285 4724 477 4802 166611666;
504 4722 604 4792 utin
627 4723 801 4812 completo
825 4725 1016 4792 constituto
1039 4727 1187 4796 haberet
1210 4727 1337 4793 bonum
1361 4725 1576 4800 lavoratum,
1601 4725 1638 4790 et
1661 4727 1860 4812 operatum,
1885 4727 1923 4792 et
1945 4723 2136 4804 cultatum'3

285 4881 322 4943 61
344 4877 519 4947 divideret
541 4876 632 4945 illud
655 4877 750 4944 inter
773 4896 811 4946 se
834 4895 898 4966 per
922 4875 1148 4946 medietatem
1176 4929 1409 4945 .......
1435 4877 1566 4946 exinde
1589 4877 1916 4964 compreenderent3
1946 4857 1983 4946 et
2005 4848 2036 4946 si
2059 4879 2136 4967 ipse

287 5005 390 5100 66666
412 5031 580 5100 habuerit
602 5032 787 5101 vinditura
809 5033 873 5100 aut
895 5033 1025 5101 datura
1049 5031 1127 5119 ipsa
1150 5033 1226 5100 eius
1250 5029 1468 5110 medietate,
1509 5050 1580 5100 non
1603 5033 1753 5099 haberet
1787 5033 2000 5117 potestatem
2024 5010 2133 5131 alteri

284 5187 375 5256 illud
398 5187 509 5266 dare,
534 5191 655 5277 666166
689 5208 810 5257 eorum
835 5189 926 5256 illud
950 5189 1144 5257 venderent
1166 5189 1213 5256 ad
1237 5189 1370 5256 iustum
1386 5185 1542 5275 pretium
1562 5236 1756 5254 ......
1782 5185 1941 5254 66611661
1962 5153 2136 5286 scriptam

286 5359 350 5428 per
373 5359 495 5408 ursum
518 5341 709 5419 notarium,
734 5342 772 5408 et
793 5341 831 5409 in
855 5359 899 5409 ea
920 5342 1109 5429 subscripti
1134 5341 1332 5428 grimoaldo
1347 5357 1360 5418 ,·
1381 5338 1583 5408 1661661666
1606 5339 1742 5408 etalii.
1769 5339 1937 5427 Septima:
1969 5339 2014 5407 de
2037 5349 2136 5408 anno

284 5493 464 5563 tricesimo
486 5495 708 5584 principatus
731 5495 852 5563 domni
874 5495 1067 5582 guaimarii
1091 5497 1128 5562 et
1151 5495 1258 5564 tertio
1274 5514 1365 5562 anno
1393 5493 1513 5562 domni
1536 5491 1681 5561 iohanni
1705 5492 1782 5560 eius
1805 5492 1883 5570 filii,
1902 5501 2022 5560 mense
2038 5491 2136 5580 apri'·

285 5647 342 5726 lis,
367 5649 485 5736 prima
507 5647 713 5718 indictione:
739 5648 897 5736 qualiter
921 5647 1037 5716 nicola
1060 5667 1190 5734 grecus
1212 5646 1308 5716 11166
1332 5647 1497 5717 iohannis
1524 5697 1715 5714 ......
1741 5645 1966 5714 iudicaverat
1982 5624 2137 5714 'iohanni

282 5813 321 5880 ct
343 5807 442 5901 petro
464 5804 528 5874 filii
552 5812 607 5880 sui
630 5809 667 5872 et
690 5826 773 5876 urso
797 5803 946 5872 filiastro
969 5802 1044 5872 eius
1064 5853 1072 5883 ,
1099 5807 1139 5873 ut
1161 5804 1199 5873 in
1221 5807 1385 5873 omnibus
1420 5809 1525 5873 rebus
1562 5803 1636 5872 suis
1659 5801 1813 5880 stavile,
1840 5805 1876 5869 et
1899 5795 1937 5868 in
1959 5818 2045 5869 oasa
2068 5818 2135 5868 sua
