5398 7106
611 505 680 576 all
921 543 923 548 ·
1244 501 1420 577 CODEX
1455 501 1723 576 cavensis

569 699 711 768 Ancilla
733 700 794 766 Dei
829 698 874 768 ad
907 699 1207 787 pasteaeaetom,
1243 697 1375 766 linibus
1413 697 1618 784 designatis
1652 701 1688 764 et
1721 695 1836 785 pactis
1859 696 2044 764 consuetis
2064 721 2076 783 ;λ
2108 695 2200 762 idest
2221 697 2302 781 ipsa
2327 693 2433 760 rebus

569 856 716 938 sotere,
758 853 955 938 laborare,
977 854 1124 938 veneo,
1163 857 1198 919 et
1215 871 1332 938 pomo
1362 856 1395 918 et
1421 853 1547 920 salices
1567 853 1767 939 plantare,
1803 854 1838 918 et
1860 853 1977 918 vestre
2013 849 2185 917 attactis
2219 848 2350 915 mabam
2371 849 2432 932 fef

565 1023 664 1090 eere;
686 1010 720 1072 et
742 1007 928 1074 licentiam
951 1007 1112 1074 babeatis
1134 1007 1176 1070 ia
1198 1007 1304 1072 rebus
1327 1007 1485 1072 easdem
1510 1005 1727 1074 monasterii
1748 1005 1905 1070 introire
1928 1005 1962 1069 et
1989 1005 2099 1070 tuceta
2124 1003 2306 1069 rationem
2328 991 2436 1067 erbo'

504 1187 510 1198 ·
569 1178 629 1224 res
651 1159 811 1226 incidere
832 1180 904 1246 pro
927 1161 1097 1244 etasarte,
1124 1163 1159 1226 et
1178 1161 1359 1246 padoncea
1384 1160 1595 1243 factendam
1617 1159 1686 1224 etc:
1711 1159 1760 1225 od
1782 1159 1916 1242 septem
1938 1173 2069 1239 caeos,
2092 1173 2164 1240 pro
2188 1154 2299 1220 tertia
2318 1153 2429 1238 porte

569 1313 645 1378 etat
668 1316 701 1378 et
724 1315 881 1398 fraqam
902 1331 986 1380 eam
1008 1315 1091 1381 iare
1112 1315 1268 1382 habendi
1289 1316 1439 1380 bertam
1461 1331 1544 1380 cam
1563 1313 1709 1399 platea.
1735 1313 1804 1378 Pro
1828 1310 2022 1378 securitate
2045 1310 2181 1376 statuta
2204 1309 2273 1374 luit
2295 1303 2430 1372 mulcta

567 1466 699 1552 viginti
723 1467 805 1535 auri
829 1467 1022 1537 solidorum
1047 1469 1428 1536 constantinianorum.
1454 1469 1559 1534 Petro
1575 1467 1746 1535 advocato
1769 1467 1807 1532 et
1822 1467 1955 1532 Ioanne
1978 1462 2051 1530 tllio
2087 1461 2198 1537 Petri,
2217 1459 2278 1546 qui
2301 1458 2435 1525 dicitur

569 1623 794 1700 Misureccla,
818 1623 1040 1691 fideiussore.
1066 1622 1165 1689 Finis
1190 1624 1324 1696 textum
1352 1625 1401 1688 ec
1424 1639 1496 1688 bac
1519 1622 1658 1688 brebem
1681 1622 1826 1706 scripsct
1850 1639 1913 1705 eqo
1936 1619 2045 1686 tendo
2064 1615 2246 1704 presbiter
2278 1615 2310 1678 et
2336 1613 2422 1677 uota

568 1776 659 1842 rias.
686 1779 814 1842 Aetam
836 1776 982 1844 ciente.

611 1925 638 2017 †
668 1931 745 2013 Epo
768 1928 996 2013 grimoaldus
1018 1929 1169 1996 cleribus
1194 1933 1227 1996 et
1251 1930 1419 1996 notarius
1443 1947 1502 1994 erce
1524 1929 1727 1996 subscribsi.

613 2078 641 2168 †
664 2082 741 2164 Ego
763 2081 949 2147 totmaaes.

1318 2539 1715 2621 MCLXXXIX

1351 2741 1410 2816 A.
1438 2739 1495 2815 D.
1524 2740 1649 2815 1053

615 2973 644 3064 ''†
669 2976 708 3040 In
731 2972 872 3040 nomine
896 2971 1032 3038 domini
1055 2971 1261 3038 duodecimo
1285 2989 1379 3038 anno
1403 2971 1626 3058 principatus
1649 2972 1767 3040 domni
1789 2973 1902 3040 'nostri
1925 2972 2044 3058 gisulfi
2060 2973 2214 3059 glorioso
2230 2971 2415 3060 principis,

575 3143 694 3194 mense
719 3125 916 3202 decembe;·,
931 3127 1080 3210 septima
1102 3122 1311 3194 indictione.
1337 3127 1412 3210 Ego
1435 3128 1679 3202 machenollus
1703 3127 1796 3194 illius
1819 3127 1995 3212 quondam
2019 3127 2229 3195 machonolll
2251 3125 2423 3202 clarifico,

574 3279 748 3368 quoniam
772 3279 880 3347 michi
904 3279 1008 3346 tlrma
1031 3239 1149 3344 mente
1173 3277 1312 3364 corpori
1337 3297 1415 3346 meo
1438 3297 1516 3345 sum
1539 3279 1736 3388 detentum
1778 3280 1875 3348 Unde
1898 3280 1928 3347 si
1950 3280 2073 3348 dibina
2095 3279 2152 3348 dei
2176 3275 2425 3348 misericordia

578 3435 687 3504 michi
710 3453 781 3503 non
803 3433 1002 3502 obbiaberit
1024 3432 1131 3500 citius
1154 3433 1198 3499 de
1222 3451 1264 3500 ac
1288 3434 1368 3499 luce
1393 3433 1503 3501 bitem
1526 3433 1622 3501 finiri
1645 3434 1771 3512 credo,
1808 3435 1867 3501 Set
1889 3433 2010 3501 datam
2035 3435 2143 3501 michi
2167 3433 2423 3520 protectionem

575 3609 598 3656 a
621 3588 762 3657 domino
775 3607 910 3656 ¹sanam
934 3602 971 3654 et
994 3589 1128 3656 rectam
1156 3587 1194 3656 in
1222 3606 1278 3654 me
1302 3604 1475 3674 cognosco
1498 3589 1605 3655 abere
1628 3587 1848 3665 memoriam,
1874 3589 1913 3654 ut
1935 3587 2081 3674 loquere
2103 3605 2254 3674 possam;
2272 3588 2427 3674 cogitabi

574 3743 668 3810 enim
694 3743 833 3809 Umana
856 3741 1047 3828 fragilitas
1066 3743 1102 3808 et
1125 3760 1168 3808 oc
1198 3741 1371 3808 mundum
1396 3741 1670 3828 instabilemque
1694 3741 1750 3809 dei
1774 3745 1858 3809 sunt
1879 3739 2025 3818 iudicia,
2039 3743 2076 3808 et
2090 3741 2206 3809 subito
2230 3741 2286 3809 dic
2302 3742 2429 3810 mortis

576 3896 686 3964 michi
710 3897 865 3973 chemel,
904 3897 983 3964 ldeo
1006 3895 1049 3964 de
1075 3899 1180 3964 rebus
1208 3899 1245 3962 et
1268 3896 1503 3964 facultatibus
1527 3895 1614 3963 mels
1638 3894 1798 3964 ludicare
1828 3898 1865 3962 et
1887 3895 2081 3982 dixponere
2103 3895 2254 3982 prebidi,
2272 3895 2430 3983 qualiter

575 4053 655 4139 post
678 4071 796 4119 meum
819 4051 954 4120 obitum
977 4051 1200 4138 dixpositum
1230 4051 1267 4116 et
1283 4049 1481 4118 iudicatum
1509 4049 1591 4126 siat;
1618 4051 1805 4136 probterea
1828 4067 1892 4137 per
1908 4069 1977 4116 unc
1991 4050 2162 4118 scribtum
2179 4053 2429 4118 testamentum

583 4206 668 4274 ante
690 4204 880 4290 subscripti
904 4206 1011 4272 testes
1034 4203 1152 4271 iudico
1176 4205 1213 4270 et
1234 4205 1365 4280 statuo,
1388 4202 1485 4270 etin
1509 4221 1654 4270 manum
1677 4222 1733 4272 me
1756 4202 2049 4272 illut-committo
2072 4203 2260 4289 guisenolll
2274 4207 2431 4289 cognato

578 4375 689 4436 meus,
703 4358 797 4425 lilius
820 4357 997 4444 quondam
1021 4355 1223 4443 guisenoltl,
1238 4359 1275 4424 et
1298 4355 1449 4423 Iohanni
1474 4355 1664 4442 presbiteri
1687 4359 1803 4424 costes
1819 4356 1967 4424 ecclesie
1990 4357 2105 4424 sancti
2129 4356 2194 4424 biti
2211 4358 2332 4424 nostra
2347 4375 2427 4443 per-

580 4513 778 4589 tinentem,
804 4515 844 4579 ut
867 4513 946 4597 post
968 4528 1083 4578 meum
1107 4509 1243 4578 obitum
1269 4509 1379 4576 deant
1402 4509 1603 4587 richardus,
1617 4511 1654 4575 et
1676 4512 1799 4595 petrus
1822 4513 1858 4578 et
1882 4511 2054 4578 iohannes
2077 4513 2241 4596 germani
2265 4509 2328 4578 filil
2353 4513 2422 4580 mei

577 4681 643 4748 per
667 4683 812 4731 manum
836 4665 993 4751 ipsorum
1017 4661 1209 4749 guisenolll
1233 4665 1270 4728 et
1293 4662 1440 4729 iohanni
1465 4661 1654 4748 presbiteri
1677 4661 1806 4748 biginti
1822 4663 1977 4750 quinque
2001 4666 2080 4731 auri
2102 4665 2205 4733 solidi
2228 4683 2300 4732 ana
2316 4665 2426 4753 quad-

581 4821 661 4887 tuor
685 4822 828 4887 tarenos
851 4837 916 4905 per
938 4817 1079 4893 solidos,
1105 4818 1151 4883 Ut
1174 4809 1381 4884 dixtiibuat'
1405 4867 1746 4884 ..........
1773 4815 1903 4895 anime,
1932 4819 2025 4884 sicut
2048 4837 2168 4885 eorum
2192 4819 2279 4886 deus
2303 4819 2431 4886 melius

583 4969 828 5058 inspiraberit.
853 4971 1032 5037 caballum
1057 4988 1175 5038 meum
1198 4987 1344 5036 saurum
1368 4971 1405 5034 et
1421 4985 1493 5034 una
1509 4985 1602 5054 equa
1625 4967 1786 5053 relinquo
1803 4967 1848 5034 ad
1863 4968 1990 5035 arodta
2013 4971 2050 5035 et
2065 4943 2239 5038 meranda
2253 4989 2426 5056 germane

581 5123 655 5191 illie
678 5142 768 5200 mee,
793 5122 994 5191 iaciendum
1018 5123 1181 5210 quicquit
1203 5121 1369 5198 voluerit,
1395 5125 1432 5188 et
1455 5120 1571 5188 iudico
1596 5123 1636 5188 ut
1658 5121 1844 5206 atiungam
1867 5139 1988 5188 eorum
2013 5122 2081 5208 ipsi
2105 5123 2170 5190 lllii
2194 5129 2263 5192 mei
2286 5145 2422 5211 pannos

582 5281 619 5346 et
642 5295 742 5344 rame
765 5276 899 5344 atalia
922 5275 1077 5362 scirpha,
1103 5275 1196 5343 sicut
1220 5276 1351 5342 iustum
1376 5275 1511 5351 suerit,
1550 5271 1817 5359 illegitimum
1842 5273 1904 5341 ille
1927 5275 2014 5343 dare
2037 5295 2140 5363 possa
2175 5283 2214 5346 at
2241 5298 2345 5366 pares
2370 5302 2430 5349 uo-

582 5435 687 5508 stros,
712 5434 750 5498 et
773 5449 881 5518 usque
904 5429 968 5497 ille
992 5429 1030 5497 in
1053 5448 1137 5497 oasa
1160 5447 1239 5496 mea
1262 5429 1404 5496 steterit
1420 5428 1547 5507 iudico,
1564 5432 1603 5496 ut
1626 5427 1734 5500 deaut
1757 5429 1900 5495 illorum
1925 5431 1990 5518 ipsi
2016 5431 2079 5497 tllii
2098 5431 2165 5498 mei
2190 5451 2253 5518 per
2268 5435 2428 5521 tempore

584 5585 729 5660 hictum,
743 5585 781 5650 et
803 5583 938 5662 binum,
951 5587 988 5650 et
1012 5583 1192 5650 unumst
1214 5583 1374 5659 siricum,
1391 5581 1485 5650 sicut
1500 5581 1640 5649 iuxtum
1658 5581 1779 5660 luerit,
1797 5583 1997 5652 laciendum
2022 5584 2184 5673 quicquit
2196 5587 2338 5655 illorum
2354 5592 2431 5676 pla·

583 5739 710 5808 cuerit.
736 5741 781 5807 Et
802 5739 832 5806 si
856 5739 924 5826 ipsi
946 5737 1012 5806 lilii
1038 5739 1106 5805 mei
1131 5738 1256 5806 taliter
1280 5739 1355 5822 ipse
1378 5735 1454 5804 filie
1478 5754 1555 5803 mee
1579 5736 1703 5804 dotare
1726 5740 1763 5805 et
1785 5757 1938 5828 parare,
1963 5740 2018 5808 vel
2038 5742 2163 5810 omnia
2184 5745 2429 5832 suprascripta
