5398 7106
992 533 1405 610 nrrnoutrrcus
1847 639 1850 649 Ι
2026 542 2091 614 mr

290 729 413 796 demus
437 728 565 796 ividem
590 731 695 808 mole,
713 733 750 797 et
772 729 847 798 illis
870 729 1000 797 iridem
1023 749 1128 816 pona,
1146 737 1181 798 et
1207 729 1297 796 mole
1322 733 1463 798 veteras
1486 731 1597 798 deant
1619 734 1656 799 et
1679 727 1870 816 adsignent
1894 729 1933 796 in
1949 750 2033 817 pars
2057 751 2136 820 pre·

288 881 382 950 dicte
406 883 565 961 ecclesie,
592 881 793 950 laciendum
819 883 911 972 quod
935 883 1165 960 boluerimus;
1191 887 1228 951 et
1250 903 1353 952 omne
1379 887 1550 952 molitura
1573 903 1642 972 que
1666 885 1717 952 ivi
1740 885 1869 952 tollere
1892 887 2058 951 elabere
2081 905 2140 971 po

290 1033 438 1114 tuerint,
453 1037 565 1103 totum
589 1037 674 1104 illut
696 1037 765 1106 sivi
790 1039 922 1106 abeant
944 1038 1161 1115 iaciendum,
1180 1039 1274 1127 quod
1297 1040 1490 1107 boluerint:
1510 1041 1651 1107 tantum
1676 1057 1858 1126 peremne
1875 1055 2008 1112 mense,
2030 1055 2138 1124 usque

287 1189 503 1275 completum
527 1190 642 1276 ipsum
667 1211 814 1269 annum,
832 1191 943 1260 deant
965 1192 1011 1259 ad
1034 1210 1118 1279 pars
1142 1192 1298 1279 predicte
1322 1192 1471 1260 ecclesie
1497 1196 1571 1259 tres
1596 1192 1751 1259 modiola
1774 1193 1817 1258 de
1833 1211 1988 1277 granum
2007 1195 2135 1260 bonum

289 1342 460 1409 muudum
485 1344 530 1411 ad
555 1345 709 1412 modium
732 1346 946 1426 domnicum,
973 1348 1067 1434 quod
1090 1350 1145 1414 est
1167 1346 1428 1434 plateaticum,
1454 1347 1573 1414 culma
1597 1365 1789 1417 mensura:
1817 1354 1854 1414 et
1875 1346 1906 1414 si
1929 1366 1992 1433 per
2016 1343 2135 1433 plena,

290 1499 355 1564 aaut
379 1515 444 1583 pro
467 1497 700 1582 generatione
723 1500 880 1586 puplica,
905 1501 1023 1586 ipsum
1047 1501 1219 1568 molinum
1242 1520 1351 1588 opera
1374 1501 1583 1588 perdiderit,
1608 1521 1673 1588 pro
1698 1502 1836 1569 ratione
1862 1501 1946 1569 illut
1970 1503 2068 1569 nobis
2084 1502 2138 1569 in-

293 1653 477 1744 putemus„
496 1657 533 1719 et
555 1652 697 1731 cotidie,
723 1655 865 1741 quando
889 1655 1075 1732 meruerit,
1101 1659 1138 1722 et
1160 1673 1244 1740 pars
1267 1655 1436 1724 iamdicte
1459 1655 1609 1722 ecclesie
1637 1653 1817 1730 boluerit,
1842 1657 1879 1721 et
1902 1654 2031 1724 ividem
2054 1675 2136 1742 gra·

289 1824 373 1872 num
398 1808 557 1874 nostrum
581 1807 821 1878 direxerimus
844 1829 909 1896 pro
933 1810 1198 1888 macinandum,
1224 1811 1338 1878 laciad
1362 1809 1466 1879 illum
1490 1829 1681 1878 macenare
1707 1813 1860 1890 bonum,
1888 1813 2027 1878 tantum
2052 1829 2137 1895 gra-

291 1977 389 2037 num,
416 1919 590 2048 quantum
615 1965 715 2032 nobis
738 1964 900 2033 sufficiad
923 1965 1037 2032 toturn
1061 1965 1203 2034 domum
1229 1967 1377 2044 nostra,
1402 1967 1479 2034 sine
1503 1939 1733 2034 molitura'et
1755 1965 1831 2032 sine
1856 1965 2065 2033 detinentia.
2092 1965 2138 2032 ad

284 2115 497 2200 completum
520 2116 636 2201 ipsum
660 2135 795 2186 annum
818 2117 935 2185 licead
970 2119 1030 2184 illa
1055 2119 1138 2186 iude
1161 2118 1262 2188 exire
1285 2140 1367 2188 cum
1390 2120 1505 2188 omnis
1528 2138 1608 2188 suas
1631 2138 1780 2197 causas,
1821 2121 1857 2188 et
1888 2120 2001 2206 ipsum
2037 2120 2138 2188 moli·

285 2243 367 2334 num
390 2271 428 2334 et
450 2269 528 2354 ipsa
550 2269 625 2336 alia
648 2271 893 2358 suprascripta
916 2271 1110 2340 traditione
1133 2271 1229 2340 iusta
1252 2275 1427 2340 rationem
1450 2273 1590 2340 salbum
1613 2276 1650 2340 et
1672 2272 1836 2340 conciata
1858 2291 1938 2338 cum
1966 2273 2069 2348 mole,
2101 2275 2138 2339 et

284 2421 497 2498 terraturiis,
523 2425 660 2488 etcum
686 2423 890 2500 arkaturia,
915 2426 952 2490 et
974 2443 1071 2500 casa,
1097 2443 1166 2512 que
1190 2426 1286 2492 tacta
1309 2428 1361 2492 est
1384 2445 1491 2512 super
1515 2421 1628 2512 ipsum
1655 2426 1824 2492 molinum
1850 2421 2046 2492 cumomni
2071 2443 2137 2492 sua

284 2574 502 2663 pertinentia
525 2577 638 2652 salba,
658 2580 697 2644 ut
713 2577 916 2662 legitimum
940 2580 1055 2663 ipsum
1082 2579 1250 2644 molinum
1278 2599 1466 2647 macenare
1493 2581 1630 2668 possed,
1647 2579 1864 2664 adsingnent
1894 2579 1939 2646 ad
1963 2596 2047 2662 pars
2062 2597 2141 2665 pre-

284 2729 378 2796 dicte
403 2731 579 2806 ecclesie,
607 2732 814 2836 faciendum·
832 2732 925 2818 quod
951 2732 1194 2808 boluerimus3
1235 2739 1271 2798 et
1295 2735 1465 2819 guadiam
1491 2734 1579 2801 mitri
1603 2734 1682 2800 dedi
1709 2737 1745 2799 et
1770 2733 2002 2799 mediatorem
2027 2731 2137 2798 michi

283 2884 382 2970 posui
405 2887 462 2950 leo
485 2903 591 2970 greco
615 2885 717 2952 laver
741 2886 834 2954 ‘llius
858 2887 1036 2974 quondam
1060 2887 1154 2972 petri
1180 2887 1293 2972 greci.
1320 2889 1364 2953 llt
1386 2906 1451 2974 per
1475 2888 1554 2973 ipsa
1577 2888 1712 2972 guadio
1735 2888 1914 2972 obligavit
1939 2905 1976 2953 se
1999 2890 2035 2953 et
2052 2860 2138 2954 'suos

283 3037 450 3114 heredes,
477 3037 569 3125 quod
593 3037 623 3104 si
647 3037 770 3104 taliter
793 3039 914 3106 omnia
937 3039 1186 3127 suprascripta
1209 3059 1272 3126 per
1295 3040 1500 3126 supradicto
1524 3041 1649 3109 ordine
1674 3043 1774 3110 nobis
1797 3061 1866 3110 nou
1883 3041 2136 3128 adimpleverit

201 3239 205 3248 ·
281 3195 320 3261 et
343 3193 475 3281 aliquit
497 3193 579 3262 inde
603 3192 917 3273 contradixerint,
956 3214 1021 3282 per
1044 3192 1293 3262 conuenientia
1316 3213 1380 3282 per
1403 3195 1482 3281 ipsa
1504 3194 1639 3280 guadia
1662 3213 1876 3282 componere
1905 3195 2078 3282 obligavit
2100 3212 2138 3260 se
2228 3175 2236 3190 ⁸

282 3353 320 3416 et
342 3367 423 3419 suos
446 3350 595 3418 heredes
620 3349 742 3428 michi,
760 3367 822 3417 seu
847 3350 885 3416 in
907 3368 992 3436 pars
1016 3350 1178 3436 predicte
1200 3350 1362 3426 ecclesie,
1382 3345 1537 3435 triginta
1560 3349 1642 3416 auri
1666 3349 1804 3416 solidos
1820 3349 2139 3418 constantinianos.

281 3509 319 3571 et
341 3502 443 3570 stetit
465 3503 561 3570 inter
584 3521 675 3583 non„
716 3505 757 3570 ut
780 3500 924 3589 quantis
948 3501 1084 3570 bicibus
1108 3503 1182 3590 ipse
1205 3503 1438 3588 generatione
1461 3521 1569 3590 super
1604 3523 1672 3571 anc
1696 3507 1838 3572 cartam
1870 3503 2036 3583 venerit,
2073 3523 2137 3592 per

281 3675 404 3727 omnes
428 3619 523 3725 iices
546 3657 625 3746 ipsa
648 3655 844 3726 serraturia
866 3657 969 3724 salba
992 3655 1091 3724 nobis
1115 3654 1330 3742 adsignent,
1352 3655 1408 3724 'et
1430 3657 1504 3745 ipse
1529 3659 1620 3726 mole
1656 3657 1731 3724 illis
1766 3658 1867 3724 salbo
1911 3659 2053 3724 abeant.
2095 3660 2139 3724 nt

257 3811 422 3902 =quando
446 3813 523 3899 ipsa
546 3809 781 3898 generatione
803 3811 847 3878 de
871 3829 914 3879 ac
937 3811 1323 3897 carta-perrexerint,
1349 3811 1428 3897 ipsa
1452 3811 1649 3880 terraturia
1673 3813 1707 3880 ei
1732 3811 1999 3912 adsiugnemus.
2041 3811 2134 3898 quod

278 3967 403 4054 scripsi
427 3986 492 4052 ego
517 3970 640 4054 petrus
665 3965 840 4034 notarius,

324 4119 352 4211 †
376 4123 450 4207 Ego
474 4123 597 4207 petrus
621 4119 784 4188 notarius
809 4137 866 4188 me
888 4119 1093 4206 subscripsi.

326 4276 352 4366 †
377 4279 450 4362 Ego
475 4276 708 4361 truppoaldus
732 4274 894 4342 notarius
919 4291 974 4338 me
997 4273 1225 4358 subscripsi,

1096 4654 1325 4735 MCCIX

1061 4933 1120 5008 A.
1148 4932 1205 5006 D.
1235 4933 1359 5008 1055

318 5173 344 5264 †
369 5175 408 5239 ln
433 5171 574 5240 nomine
598 5169 730 5236 domiui
755 5168 997 5235 tertiodecimo
1021 5186 1115 5233 anno
1142 5168 1366 5254 principatus
1390 5170 1507 5236 donini
1534 5169 1647 5235 nostri
1671 5168 1792 5254 gisulfi
1830 5167 1975 5252 gloriosi
1999 5167 2130 5253 princi-

275 5327 353 5414 pis,
382 5345 500 5392 mense
525 5323 734 5399 ianuarius,
761 5323 913 5389 hoctava
936 5317 1141 5388 indictione.
1173 5323 1248 5406 Ego
1272 5321 1445 5390 iohannes
1468 5322 1621 5389 clericus
1645 5327 1682 5388 et
1704 5323 1814 5388 abbas
1838 5321 1985 5388 ecclesie
2008 5325 2128 5388 sancte

273 5479 398 5557 marie,
424 5497 493 5566 que
516 5462 720 5544 constructa
743 5478 798 5541 est
819 5473 918 5541 intra
941 5475 1034 5541 hanc
1057 5473 1317 5542 salernitanam
1342 5471 1536 5551 civitatem,
1553 5475 1611 5542 ubi
1635 5455 1732 5540 lama
1755 5473 1900 5551 dicitur,
1914 5475 2125 5560 pertinente

271 5635 513 5722 suprascripto
538 5633 664 5700 domno
688 5629 849 5720 principe
873 5631 909 5696 et
932 5629 1123 5696 heredibus
1147 5629 1352 5734 iohanuecii
1368 5629 1505 5696 comitis
1521 5628 1585 5696 lilii
1611 5627 1793 5696 mansonis
1817 5627 1980 5704 castaldi,
2005 5647 2123 5695 coram

269 5789 477 5875 subscriptis
499 5787 661 5864 testibus,
680 5805 743 5872 per
761 5782 1046 5853 convenientiam
1062 5784 1099 5848 et
1121 5783 1302 5850 licentiam
1327 5783 1438 5869 ipsius
1460 5782 1579 5851 domni
1603 5781 1776 5870 principis
1800 5775 1837 5849 e't
1858 5782 2027 5849 heredum
2047 5800 2126 5867 pre·
