5398 7106
850 523 852 528 “
950 517 1403 592 olrlollu'llcus
2003 517 2075 591 lot

264 714 464 798 coopertam
490 714 526 777 ot
548 711 684 778 salvam
708 731 789 778 cum
816 715 892 797 ipsa
915 714 1013 778 scola
1036 713 1184 798 liuguen
1209 714 1439 782 remictamus
1460 714 1495 781 iu
1521 715 1684 800 partibus
1708 712 1867 798 predicte
1891 711 2051 786 ecclesie,
2071 713 2116 779 ad

264 866 464 934 faciendum
489 885 534 931 ex
559 867 639 941 hea,
665 867 757 952 quod
782 867 948 942 voluerit3
967 868 1004 933 et
1026 885 1091 953 per
1115 864 1399 934 convenientiam
1424 867 1595 950 guadiam
1619 865 1708 933 mihi
1732 869 1804 952 ipse
1828 868 1938 933 abbas
1962 865 2060 933 dedit
2082 869 2119 934 et

262 1020 499 1088 fideiussorem
524 1021 632 1088 michi
656 1023 772 1106 posuit
795 1021 1004 1116 radualdum
1029 1021 1145 1088 fllium
1169 1023 1350 1107 quondam
1373 1021 1553 1098 iohannis,
1572 1023 1609 1086 et
1633 1041 1697 1109 per
1721 1022 1799 1107 ipsa
1815 1021 1951 1106 guadia
1967 1021 2041 1106 ipse
2058 1023 2119 1087 ab·

265 1178 326 1241 bes
348 1175 525 1261 obligavit
548 1193 585 1242 se
610 1179 645 1242 et
668 1149 888 1244 successores
911 1195 1005 1254 suos
1024 1181 1061 1243 et
1084 1195 1169 1262 pars
1192 1178 1397 1262 supradicte
1420 1177 1583 1255 ecclesie,
1603 1197 1713 1265 usque
1731 1178 1824 1265 ipsos
1845 1177 1976 1262 viginti
1992 1195 2117 1244 novem

265 1329 351 1397 anui
382 1330 548 1416 completi
584 1329 746 1416 predicta
781 1329 1021 1408 tradictione,
1063 1329 1369 1418 quemammodum
1407 1334 1572 1420 superius
1611 1335 1773 1419 legitur,
1814 1332 1923 1400 michi
1964 1332 2121 1418 meisque

265 1488 456 1554 heredibus
479 1490 515 1552 et
539 1487 754 1563 homnibus,
795 1488 923 1575 quibus
962 1487 1052 1554 illud
1077 1449 1122 1555 ad
1146 1489 1364 1557 residendum
1390 1490 1618 1564 dederimus,
1660 1490 1844 1556 defensare
1868 1507 1947 1554 cum
1973 1487 2051 1554 vice
2075 1487 2119 1554 de

265 1642 342 1728 ipsa
368 1643 487 1727 platea
511 1644 547 1707 et
571 1641 692 1718 audito
730 1645 776 1708 ab
813 1641 976 1708 omnibus
1015 1643 1244 1718 homiuibus,
1286 1649 1322 1708 et
1345 1643 1382 1710 iu
1406 1649 1514 1710 antea
1538 1642 1651 1728 ipsum
1691 1641 1924 1709 constitutum
1965 1645 2120 1727 querant

267 1793 365 1860 illam
393 1795 492 1861 nobis
517 1795 642 1861 tollere
667 1797 730 1862 aut
753 1797 932 1862 coutrare.
961 1797 1005 1860 nt
1027 1795 1055 1861 si
1077 1843 1084 1872 ,
1110 1797 1202 1862 sicut
1225 1797 1388 1882 superius
1412 1797 1585 1879 scriptum
1611 1800 1690 1872 est,
1726 1795 1813 1862 illud
1840 1795 1940 1862 nobis
1964 1814 2032 1861 nou
2058 1793 2120 1860 de·

265 1951 539 2026 removerimus,
558 1953 595 2016 et
617 1951 863 2036 suprascripta
888 1954 942 2016 vel
970 1971 1014 2018 ex
1040 1951 1091 2018 eis
1115 1951 1305 2038 quicquam
1332 1961 1522 2019 removere·
1541 1955 1604 2036 aut
1627 1949 1874 2018 contradicere
1899 1968 2121 2035 presumpse-

268 2105 366 2180 rint,
403 2127 465 2190 per
490 2109 603 2192 ipsam
628 2107 799 2192 guadiam
822 2107 999 2194 obligavit
1021 2127 1058 2174 se
1083 2107 1158 2192 ipse
1182 2109 1292 2173 abbas
1309 2111 1345 2173 et
1368 2119 1587 2173 successores
1611 2125 1718 2182 suos,
1746 2109 1782 2172 et
1805 2125 1889 2193 pars
1913 2104 2120 2191 supradicte

266 2263 415 2329 ecclesie
438 2281 649 2347 componere
673 2262 783 2330 michi
806 2263 964 2349 meisque
989 2261 1203 2334 heredibus,
1230 2264 1266 2328 et
1289 2220 1347 2329 cui
1372 2265 1438 2328 hoc
1463 2261 1636 2345 scriptum
1662 2261 1698 2326 iu
1724 2280 1832 2326 manu
1858 2260 2034 2346 paruerit,
2057 2261 2119 2326 tri-

268 2416 370 2501 ginta
394 2416 477 2482 auri
500 2415 631 2482 solidos
655 2415 973 2483 constantinianos.
992 2416 1252 2517 Verumtamen
1269 2419 1334 2484 hoc
1358 2401 1608 2492 memoramus,
1628 2415 1714 2500 quia
1737 2414 1826 2481 illud
1852 2435 2001 2500 parvum
2028 2416 2119 2502 quod

265 2571 428 2656 superius
452 2571 662 2638 distractum
688 2577 767 2648 est,
794 2572 941 2659 legitur:
967 2573 1111 2639 tarenos
1136 2575 1271 2647 bonos,
1301 2577 1338 2640 et
1363 2573 1398 2639 in
1423 2573 1493 2640 alio
1518 2573 1604 2638 loco:
1633 2591 1713 2638 cum
1741 2572 1818 2657 ipsa
1843 2573 1957 2636 scola.
1985 2571 2119 2637 Taliter

267 2725 394 2813 scripsi
417 2745 484 2812 ego
506 2727 728 2812 grimoaldus
752 2729 926 2796 notarius

320 2880 346 2970 †
371 2884 444 2967 Ego
469 2882 529 2967 qui
554 2902 664 2968 supra
688 2883 859 2950 iohannes
884 2883 1036 2949 clericus
1060 2884 1097 2948 et
1120 2885 1241 2984 abluis

316 3037 342 3126 †
368 3040 441 3123 Ego
467 3041 588 3124 petrus
613 3040 773 3106 notarius
798 3057 853 3104 me
877 3010 1084 3123 subscripsi.

313 3191 339 3281 †
364 3195 437 3277 Ego
462 3193 630 3260 alderissi
655 3193 816 3260 notarius
841 3213 896 3259 me
920 3191 1125 3278 subscripsi.

1079 3587 1344 3727 nrccxv'

1050 3826 1107 3900 Α.
1137 3824 1193 3898 n.
1223 3826 1347 3900 1055
1418 3866 1421 3872 -

312 4103 339 4194 f
365 4103 404 4167 ln
429 4098 573 4166 nomine
597 4095 732 4164 domini
757 4093 1024 4182 quartodecimo
1049 4113 1140 4160 anno
1164 4091 1388 4179 principatus
1410 4089 1530 4156 domui
1555 4089 1673 4156 nostri
1697 4090 1819 4175 gisulfi
1852 4091 2000 4178 gloriosi
2025 4089 2125 4178 priu-

267 4257 370 4343 cipis,
397 4275 518 4322 mense
544 4252 704 4339 magius,
722 4250 850 4318 octaba
873 4249 1081 4317 indictione.
1106 4247 1399 4320 Memoratorium
1423 4247 1558 4312 lactum
1584 4267 1606 4313 a
1630 4265 1685 4312 me
1710 4248 1860 4314 alferius
1884 4235 2061 4316 diaconus
2085 4250 2123 4316 et

270 4410 556 4498 archipresbiter
581 4405 869 4496 ecclesie-sancti
893 4404 1043 4471 maximi
1064 4453 1072 4480 ,
1113 4422 1154 4469 eo
1178 4403 1270 4490 quod
1294 4405 1378 4469 ante
1402 4401 1545 4469 idoneos
1569 4403 1729 4469 homines
1754 4403 1889 4470 tradidi
1915 4404 2122 4471 teudericus

166 4577 171 4589 '
268 4569 344 4635 lilio
369 4565 549 4665 quondam
574 4561 736 4633 iohanni,
763 4563 799 4628 et
823 4558 917 4647 petri
941 4560 1013 4626 filio
1038 4559 1214 4646 quondam
1238 4557 1350 4643 sergii
1374 4557 1565 4643 presbiteri
1590 4560 1690 4657 terra
1712 4559 1916 4644 pertinente
1941 4558 2052 4645 ipsius
2067 4579 2124 4626 ec-

268 4724 403 4800 clesie,
440 4721 534 4808 quod
557 4738 643 4806 pars
667 4715 828 4804 predicte
866 4677 1016 4783 ecclesie
1041 4717 1124 4782 abet
1147 4715 1246 4782 iutra
1270 4733 1337 4781 auc
1362 4714 1627 4782 salernitanam
1663 4713 1848 4780 civitatem
1875 4713 1921 4780 iu
1958 4715 2054 4801 plaic
2078 4717 2123 4784 de

268 4879 401 4954 monte,
428 4865 580 4961 a'super
605 4875 685 4961 ipsa
707 4869 873 4947 ecclesia,
901 4875 935 4936 et
959 4871 1014 4934 est
1038 4887 1101 4954 per
1123 4869 1204 4935 finis
1228 4871 1264 4934 et
1288 4868 1470 4936 mensuria
1493 4867 1587 4935 iusto
1611 4869 1699 4956 pede
1723 4888 1831 4936 marni
1856 4869 2011 4970 hominis
2028 4889 2124 4940 men-

267 5031 408 5098 surata.
435 5030 593 5113 Aparte
617 5024 811 5092 occidentis
833 4983 917 5091 sunt
940 4987 1046 5110 pedes
1069 5023 1187 5090 decem
1215 5025 1251 5090 et
1273 5025 1379 5100 octo;
1421 5025 1569 5109 aparte
1594 5024 1742 5091 meridie
1766 5027 1850 5092 sunt
1874 5027 1980 5112 pedes
2005 5023 2125 5115 quadss

268 5184 492 5260 tuordecim3
520 5204 541 5250 a
565 5183 668 5266 parte
692 5179 841 5246 orientis
863 5181 948 5245 sunt
972 5179 1077 5263 pedes
1102 5179 1223 5245 decem
1249 5180 1285 5244 et
1308 5181 1412 5246 octo:
1440 5198 1461 5244 a
1484 5182 1592 5264 parte
1611 5179 1879 5266 septemtrionis
1904 5185 1993 5262 sunt
2016 5181 2122 5269 pedes
2213 5153 2218 5162 ¹

271 5337 581 5427 quadtuordecim.
621 5355 667 5402 ex
691 5335 788 5402 omni
811 5337 914 5420 parte
938 5336 993 5400 est
1015 5334 1095 5401 finis
1119 5333 1279 5428 predicte
1303 5333 1466 5400 ecclesie.
1502 5353 1541 5400 ec
1566 5353 1651 5400 rero
1676 5337 1755 5420 ipsa
1778 5339 1880 5403 terra
1905 5337 2034 5404 baciba
2058 5357 2122 5423 per

271 5465 536 5583 suprascriptos
557 5494 646 5560 fines
667 5496 705 5596 et
728 5493 938 5566 mensurias,
957 5489 1119 5574 inclitum
1146 5463 1229 5556 illut
1245 5487 1403 5575 ipsorum
1430 5488 1603 5556 teuderici
1627 5491 1664 5555 et
1687 5489 1779 5574 petri
1798 5487 1933 5556 tradidi
1957 5491 2021 5557 tali
2042 5494 2123 5559 hor-

274 5651 371 5728 dine,
399 5649 446 5718 ud
470 5649 599 5717 amodo·
619 5651 656 5716 et
679 5665 789 5734 usquo
814 5647 943 5732 biginti
967 5648 1091 5712 nobem
1116 5643 1204 5712 anni
1228 5643 1406 5730 completi,
1422 5629 1495 5710 illis
1519 5645 1555 5710 et
1578 5643 1723 5740 illorum
1749 5645 1940 5712 heredibus
1965 5645 2047 5712 illut
2071 5649 2122 5712 te-

269 5824 354 5874 nere
378 5807 417 5872 et
442 5821 526 5872 casa
550 5802 672 5888 lignea
695 5801 825 5868 ividem
851 5801 981 5876 lacere,
1008 5804 1044 5866 et
1068 5801 1198 5867 ividem
1224 5798 1378 5866 residere
1404 5804 1439 5865 et
1463 5799 1617 5876 abitare,
1644 5802 1745 5867 fovee
1770 5803 1813 5867 et
1839 5800 1953 5867 omnis
1977 5797 2119 5868 illorum
