<?xml version="1.0" encoding="UTF-8"?>
<!DOCTYPE html PUBLIC "-//W3C//DTD XHTML 1.0 Transitional//EN"
    "http://www.w3.org/TR/xhtml1/DTD/xhtml1-transitional.dtd">
<html xmlns="http://www.w3.org/1999/xhtml" xml:lang="en" lang="en">
 <head>
  <title>
</title>
<meta http-equiv="Content-Type" content="text/html;charset=utf-8" />
  <meta name='ocr-system' content='tesseract 3.04.00' />
  <meta name='ocr-capabilities' content='ocr_page ocr_carea ocr_par ocr_line ocrx_word'/>
</head>
<body>
  <div class='ocr_page' id='page_1' title='image "./codexdiplomatic01aragoog_0199.png"; bbox 0 0 5454 7104; ppageno 0'>
   <div class='ocr_carea' id='block_1_1' title="bbox 1054 555 2130 666">
    <p class='ocr_par' dir='ltr' id='par_1_1' title="bbox 1054 555 2130 666">
     <span class='ocr_line' id='line_1_1' title="bbox 1054 555 2130 666; baseline 0.007 -38"><span class='ocrx_word' id='word_1_1' title='bbox 1054 555 1506 631; x_wconf 78' lang='lat' dir='ltr'>umuoulrruus</span> <span class='ocrx_word' id='word_1_2' title='bbox 1975 659 1978 666; x_wconf 23' lang='grc' dir='ltr'>Ι</span> <span class='ocrx_word' id='word_1_3' title='bbox 2059 563 2130 638; x_wconf 77' lang='lat' dir='ltr'>iss</span> 
     </span>
    </p>
   </div>
   <div class='ocr_carea' id='block_1_2' title="bbox 321 743 2177 1459">
    <p class='ocr_par' dir='ltr' id='par_1_2' title="bbox 321 743 2177 1459">
     <span class='ocr_line' id='line_1_2' title="bbox 322 743 2175 856; baseline 0.008 -45"><span class='ocrx_word' id='word_1_4' title='bbox 322 746 386 831; x_wconf 90' lang='lat' dir='ltr'>pta</span> <span class='ocrx_word' id='word_1_5' title='bbox 408 743 558 813; x_wconf 89' lang='lat' dir='ltr'>traditio</span> <span class='ocrx_word' id='word_1_6' title='bbox 581 749 619 815; x_wconf 91' lang='lat' dir='ltr'>in</span> <span class='ocrx_word' id='word_1_7' title='bbox 642 747 811 816; x_wconf 85' lang='lat' dir='ltr'>iamdicto</span> <span class='ocrx_word' id='word_1_8' title='bbox 833 749 958 818; x_wconf 81' lang='lat' dir='ltr'>ordine</span> <span class='ocrx_word' id='word_1_9' title='bbox 982 752 1105 818; x_wconf 90' lang='lat' dir='ltr'>tenere</span> <span class='ocrx_word' id='word_1_10' title='bbox 1129 757 1170 856; x_wconf 69' lang='lat' dir='ltr'>ct</span> <span class='ocrx_word' id='word_1_11' title='bbox 1187 753 1353 820; x_wconf 86' lang='lat' dir='ltr'>lavorare</span> <span class='ocrx_word' id='word_1_12' title='bbox 1377 753 1558 830; x_wconf 84' lang='lat' dir='ltr'>voluerit,</span> <span class='ocrx_word' id='word_1_13' title='bbox 1584 758 1666 840; x_wconf 84' lang='lat' dir='ltr'>apto</span> <span class='ocrx_word' id='word_1_14' title='bbox 1690 758 1849 842; x_wconf 84' lang='lat' dir='ltr'>ternpore</span> <span class='ocrx_word' id='word_1_15' title='bbox 1873 757 1917 824; x_wconf 91' lang='grc'>16</span> <span class='ocrx_word' id='word_1_16' title='bbox 1939 775 2047 845; x_wconf 91' lang='lat' dir='ltr'>super</span> <span class='ocrx_word' id='word_1_17' title='bbox 2070 763 2107 825; x_wconf 92' lang='lat' dir='ltr'>ct</span> <span class='ocrx_word' id='word_1_18' title='bbox 2131 758 2175 826; x_wconf 91' lang='grc'>16</span> 
     </span>
     <span class='ocr_line' id='line_1_3' title="bbox 321 897 2177 1013; baseline 0.01 -52"><span class='ocrx_word' id='word_1_19' title='bbox 321 897 451 963; x_wconf 84' lang='lat' dir='ltr'><strong>subtus.</strong></span> <span class='ocrx_word' id='word_1_20' title='bbox 470 897 553 965; x_wconf 91' lang='lat' dir='ltr'>illut</span> <span class='ocrx_word' id='word_1_21' title='bbox 576 899 743 970; x_wconf 89' lang='lat' dir='ltr'>lavorare</span> <span class='ocrx_word' id='word_1_22' title='bbox 767 905 804 968; x_wconf 90' lang='lat' dir='ltr'>et</span> <span class='ocrx_word' id='word_1_23' title='bbox 825 903 966 969; x_wconf 90' lang='lat' dir='ltr'>cultare</span> <span class='ocrx_word' id='word_1_24' title='bbox 990 906 1037 980; x_wconf 90' lang='lat' dir='ltr'>et,</span> <span class='ocrx_word' id='word_1_25' title='bbox 1065 905 1124 972; x_wconf 90' lang='lat' dir='ltr'>ubi</span> <span class='ocrx_word' id='word_1_26' title='bbox 1148 906 1348 982; x_wconf 85' lang='lat' dir='ltr'>meruerit,</span> <span class='ocrx_word' id='word_1_27' title='bbox 1390 907 1487 974; x_wconf 83' lang='lat' dir='ltr'>inl&#39;ra</span> <span class='ocrx_word' id='word_1_28' title='bbox 1510 908 1593 976; x_wconf 90' lang='lat' dir='ltr'>illut</span> <span class='ocrx_word' id='word_1_29' title='bbox 1617 909 1746 978; x_wconf 84' lang='lat' dir='ltr'>riscilii</span> <span class='ocrx_word' id='word_1_30' title='bbox 1777 909 1820 976; x_wconf 91' lang='lat' dir='ltr'>de</span> <span class='ocrx_word' id='word_1_31' title='bbox 1845 913 2011 979; x_wconf 84' lang='grc'><strong>66616666</strong></span> <span class='ocrx_word' id='word_1_32' title='bbox 2047 911 2177 1013; x_wconf 75' lang='lat' dir='ltr'>ibidem</span> 
     </span>
     <span class='ocr_line' id='line_1_4' title="bbox 322 1050 2174 1150; baseline 0.008 -34"><span class='ocrx_word' id='word_1_33' title='bbox 322 1050 502 1134; x_wconf 86' lang='lat' dir='ltr'>plantare,</span> <span class='ocrx_word' id='word_1_34' title='bbox 527 1053 620 1122; x_wconf 88' lang='lat' dir='ltr'>sicut</span> <span class='ocrx_word' id='word_1_35' title='bbox 644 1057 837 1135; x_wconf 90' lang='lat' dir='ltr'>meruerit,</span> <span class='ocrx_word' id='word_1_36' title='bbox 864 1061 903 1125; x_wconf 93' lang='lat' dir='ltr'>ut</span> <span class='ocrx_word' id='word_1_37' title='bbox 926 1060 1055 1126; x_wconf 92' lang='lat' dir='ltr'>bonum</span> <span class='ocrx_word' id='word_1_38' title='bbox 1079 1064 1203 1146; x_wconf 88' lang='lat' dir='ltr'>pareat</span> <span class='ocrx_word' id='word_1_39' title='bbox 1226 1061 1426 1129; x_wconf 82' lang='lat' dir='ltr'>lavoratnm</span> <span class='ocrx_word' id='word_1_40' title='bbox 1450 1065 1486 1129; x_wconf 90' lang='lat' dir='ltr'>et</span> <span class='ocrx_word' id='word_1_41' title='bbox 1507 1065 1682 1132; x_wconf 87' lang='lat' dir='ltr'>cultatum</span> <span class='ocrx_word' id='word_1_42' title='bbox 1702 1113 1710 1140; x_wconf 95' lang='lat'>,</span> <span class='ocrx_word' id='word_1_43' title='bbox 1731 1064 1828 1133; x_wconf 91' lang='lat' dir='ltr'>sicut</span> <span class='ocrx_word' id='word_1_44' title='bbox 1850 1065 1978 1140; x_wconf 84' lang='lat' dir='ltr'>decet,</span> <span class='ocrx_word' id='word_1_45' title='bbox 2006 1069 2044 1131; x_wconf 91' lang='lat' dir='ltr'>ut</span> <span class='ocrx_word' id='word_1_46' title='bbox 2069 1065 2174 1150; x_wconf 82' lang='lat' dir='ltr'>proli·</span> 
     </span>
     <span class='ocr_line' id='line_1_5' title="bbox 321 1177 2177 1304; baseline 0.006 -34"><span class='ocrx_word' id='word_1_47' title='bbox 321 1205 422 1272; x_wconf 87' lang='lat' dir='ltr'>ciant</span> <span class='ocrx_word' id='word_1_48' title='bbox 445 1212 482 1273; x_wconf 90' lang='lat' dir='ltr'>et</span> <span class='ocrx_word' id='word_1_49' title='bbox 507 1229 577 1276; x_wconf 91' lang='lat' dir='ltr'>non</span> <span class='ocrx_word' id='word_1_50' title='bbox 599 1209 830 1297; x_wconf 82' lang='lat' dir='ltr'>dispereant3</span> <span class='ocrx_word' id='word_1_51' title='bbox 855 1214 893 1279; x_wconf 91' lang='lat' dir='ltr'>et</span> <span class='ocrx_word' id='word_1_52' title='bbox 914 1213 1122 1280; x_wconf 82' lang='lat' dir='ltr'>annualiter</span> <span class='ocrx_word' id='word_1_53' title='bbox 1145 1215 1363 1302; x_wconf 79' lang='lat' dir='ltr'>temporibus</span> <span class='ocrx_word' id='word_1_54' title='bbox 1385 1216 1458 1284; x_wconf 92' lang='lat' dir='ltr'>suis</span> <span class='ocrx_word' id='word_1_55' title='bbox 1482 1217 1557 1304; x_wconf 90' lang='lat' dir='ltr'>ipse</span> <span class='ocrx_word' id='word_1_56' title='bbox 1580 1221 1748 1285; x_wconf 83' lang='grc'><strong>66616666</strong></span> <span class='ocrx_word' id='word_1_57' title='bbox 1787 1177 2052 1286; x_wconf 81' lang='lat' dir='ltr'>rationabiliter</span> <span class='ocrx_word' id='word_1_58' title='bbox 2075 1219 2177 1285; x_wconf 89' lang='lat' dir='ltr'>colli-</span> 
     </span>
     <span class='ocr_line' id='line_1_6' title="bbox 321 1363 2175 1459; baseline 0.008 -33"><span class='ocrx_word' id='word_1_59' title='bbox 321 1379 408 1446; x_wconf 78' lang='lat' dir='ltr'>gere</span> <span class='ocrx_word' id='word_1_60' title='bbox 432 1363 469 1429; x_wconf 85' lang='grc'>61</span> <span class='ocrx_word' id='word_1_61' title='bbox 491 1381 646 1448; x_wconf 77' lang='lat' dir='ltr'>semare,</span> <span class='ocrx_word' id='word_1_62' title='bbox 664 1365 757 1433; x_wconf 77' lang='lat' dir='ltr'>sicut</span> <span class='ocrx_word' id='word_1_63' title='bbox 780 1369 965 1444; x_wconf 88' lang='lat' dir='ltr'>meruerit,</span> <span class='ocrx_word' id='word_1_64' title='bbox 983 1372 1019 1435; x_wconf 92' lang='grc'>61</span> <span class='ocrx_word' id='word_1_65' title='bbox 1042 1369 1178 1438; x_wconf 85' lang='grc'><strong>1661661</strong></span> <span class='ocrx_word' id='word_1_66' title='bbox 1201 1371 1264 1436; x_wconf 90' lang='grc'><strong>1116</strong></span> <span class='ocrx_word' id='word_1_67' title='bbox 1287 1372 1422 1438; x_wconf 88' lang='lat' dir='ltr'>eteius</span> <span class='ocrx_word' id='word_1_68' title='bbox 1446 1371 1568 1439; x_wconf 89' lang='lat' dir='ltr'>eredes</span> <span class='ocrx_word' id='word_1_69' title='bbox 1591 1373 1684 1439; x_wconf 91' lang='lat' dir='ltr'>scire</span> <span class='ocrx_word' id='word_1_70' title='bbox 1700 1393 1784 1459; x_wconf 86' lang='lat' dir='ltr'>pars</span> <span class='ocrx_word' id='word_1_71' title='bbox 1800 1373 1952 1459; x_wconf 77' lang='lat' dir='ltr'>predicti</span> <span class='ocrx_word' id='word_1_72' title='bbox 1970 1375 2175 1441; x_wconf 89' lang='lat' dir='ltr'>monasterii</span> 
     </span>
    </p>
   </div>
   <div class='ocr_carea' id='block_1_3' title="bbox 321 1513 2185 1613">
    <p class='ocr_par' dir='ltr' id='par_1_3' title="bbox 321 1513 2185 1613">
     <span class='ocr_line' id='line_1_7' title="bbox 321 1513 2185 1613; baseline 0.006 -35"><span class='ocrx_word' id='word_1_73' title='bbox 321 1513 443 1584; x_wconf 84' lang='lat' dir='ltr'>uelde</span> <span class='ocrx_word' id='word_1_74' title='bbox 467 1517 639 1586; x_wconf 88' lang='lat' dir='ltr'>iamdicta</span> <span class='ocrx_word' id='word_1_75' title='bbox 663 1538 819 1606; x_wconf 84' lang='lat' dir='ltr'>gemma,</span> <span class='ocrx_word' id='word_1_76' title='bbox 845 1525 883 1586; x_wconf 91' lang='lat' dir='ltr'>ut</span> <span class='ocrx_word' id='word_1_77' title='bbox 905 1522 1037 1592; x_wconf 80' lang='lat' dir='ltr'>ibidem</span> <span class='ocrx_word' id='word_1_78' title='bbox 1059 1523 1260 1609; x_wconf 83' lang='lat' dir='ltr'>dirigamus</span> <span class='ocrx_word' id='word_1_79' title='bbox 1284 1523 1430 1592; x_wconf 89' lang='lat' dir='ltr'>missum</span> <span class='ocrx_word' id='word_1_80' title='bbox 1454 1528 1628 1602; x_wconf 90' lang='lat' dir='ltr'>nostrum,</span> <span class='ocrx_word' id='word_1_81' title='bbox 1653 1525 1774 1592; x_wconf 90' lang='grc'><strong>611116</strong></span> <span class='ocrx_word' id='word_1_82' title='bbox 1798 1527 1933 1593; x_wconf 89' lang='grc'><strong>616166</strong></span> <span class='ocrx_word' id='word_1_83' title='bbox 1957 1527 2185 1613; x_wconf 74' lang='grc'><strong>6661661666,</strong></span> 
     </span>
    </p>
   </div>
   <div class='ocr_carea' id='block_1_4' title="bbox 322 1671 2299 1764">
    <p class='ocr_par' dir='ltr' id='par_1_4' title="bbox 322 1671 2299 1764">
     <span class='ocr_line' id='line_1_8' title="bbox 322 1671 2299 1764; baseline 0.005 -28"><span class='ocrx_word' id='word_1_84' title='bbox 322 1673 489 1737; x_wconf 86' lang='grc'><strong>66616666</strong></span> <span class='ocrx_word' id='word_1_85' title='bbox 511 1689 611 1738; x_wconf 90' lang='grc'><strong>66666</strong></span> <span class='ocrx_word' id='word_1_86' title='bbox 635 1671 797 1741; x_wconf 87' lang='lat' dir='ltr'>dividant</span> <span class='ocrx_word' id='word_1_87' title='bbox 820 1692 884 1760; x_wconf 91' lang='lat' dir='ltr'>per</span> <span class='ocrx_word' id='word_1_88' title='bbox 907 1676 1148 1744; x_wconf 88' lang='lat' dir='ltr'>medietatem:</span> <span class='ocrx_word' id='word_1_89' title='bbox 1173 1675 1288 1763; x_wconf 91' lang='lat' dir='ltr'>ipsum</span> <span class='ocrx_word' id='word_1_90' title='bbox 1313 1679 1459 1745; x_wconf 89' lang='lat' dir='ltr'>missum</span> <span class='ocrx_word' id='word_1_91' title='bbox 1483 1678 1633 1764; x_wconf 81' lang='lat' dir='ltr'>predicti</span> <span class='ocrx_word' id='word_1_92' title='bbox 1656 1677 1865 1746; x_wconf 87' lang='lat' dir='ltr'>monasterii</span> <span class='ocrx_word' id='word_1_93' title='bbox 1889 1685 1925 1744; x_wconf 92' lang='lat' dir='ltr'>et</span> <span class='ocrx_word' id='word_1_94' title='bbox 1947 1679 1991 1745; x_wconf 93' lang='grc'>16</span> <span class='ocrx_word' id='word_1_95' title='bbox 2015 1678 2177 1764; x_wconf 87' lang='lat' dir='ltr'>predicta</span> <span class='ocrx_word' id='word_1_96' title='bbox 2294 1673 2299 1687; x_wconf 89' lang='lat'>&#39;</span> 
     </span>
    </p>
   </div>
   <div class='ocr_carea' id='block_1_5' title="bbox 233 1806 2181 3919">
    <p class='ocr_par' dir='ltr' id='par_1_5' title="bbox 317 1806 2180 2994">
     <span class='ocr_line' id='line_1_9' title="bbox 319 1806 2170 1914; baseline 0.006 -25"><span class='ocrx_word' id='word_1_97' title='bbox 319 1842 461 1908; x_wconf 86' lang='lat' dir='ltr'>gemma</span> <span class='ocrx_word' id='word_1_98' title='bbox 484 1825 587 1892; x_wconf 89' lang='lat' dir='ltr'>tollat</span> <span class='ocrx_word' id='word_1_99' title='bbox 609 1826 653 1894; x_wconf 90' lang='grc'>16</span> <span class='ocrx_word' id='word_1_100' title='bbox 676 1846 797 1895; x_wconf 87' lang='grc'><strong>66666</strong></span> <span class='ocrx_word' id='word_1_101' title='bbox 820 1828 895 1914; x_wconf 90' lang='grc'><strong>1666</strong></span> <span class='ocrx_word' id='word_1_102' title='bbox 918 1833 1084 1896; x_wconf 86' lang='lat' dir='ltr'>castanee</span> <span class='ocrx_word' id='word_1_103' title='bbox 1108 1849 1207 1898; x_wconf 88' lang='lat' dir='ltr'>secce</span> <span class='ocrx_word' id='word_1_104' title='bbox 1231 1831 1481 1907; x_wconf 87' lang='lat' dir='ltr'>medietatem,</span> <span class='ocrx_word' id='word_1_105' title='bbox 1506 1836 1543 1898; x_wconf 91' lang='grc'>61</span> <span class='ocrx_word' id='word_1_106' title='bbox 1567 1835 1631 1900; x_wconf 90' lang='grc'><strong>1116</strong></span> <span class='ocrx_word' id='word_1_107' title='bbox 1653 1806 1690 1899; x_wconf 86' lang='lat' dir='ltr'>et</span> <span class='ocrx_word' id='word_1_108' title='bbox 1713 1833 1785 1900; x_wconf 89' lang='lat' dir='ltr'>suis</span> <span class='ocrx_word' id='word_1_109' title='bbox 1810 1832 1974 1902; x_wconf 91' lang='lat' dir='ltr'>eredibus</span> <span class='ocrx_word' id='word_1_110' title='bbox 1999 1832 2170 1900; x_wconf 89' lang='lat' dir='ltr'>medieta-</span> 
     </span>
     <span class='ocr_line' id='line_1_10' title="bbox 321 1982 2162 2074; baseline 0.005 -31"><span class='ocrx_word' id='word_1_111' title='bbox 321 1983 405 2044; x_wconf 88' lang='lat' dir='ltr'>tem.</span> <span class='ocrx_word' id='word_1_112' title='bbox 432 1982 476 2046; x_wconf 82' lang='lat' dir='ltr'>st</span> <span class='ocrx_word' id='word_1_113' title='bbox 499 1982 640 2068; x_wconf 87' lang='lat' dir='ltr'>quando</span> <span class='ocrx_word' id='word_1_114' title='bbox 663 1983 738 2070; x_wconf 89' lang='lat' dir='ltr'>ipse</span> <span class='ocrx_word' id='word_1_115' title='bbox 761 1986 927 2052; x_wconf 90' lang='lat' dir='ltr'>castanee</span> <span class='ocrx_word' id='word_1_116' title='bbox 951 1991 987 2052; x_wconf 89' lang='lat' dir='ltr'>et</span> <span class='ocrx_word' id='word_1_117' title='bbox 1010 1987 1135 2070; x_wconf 84' lang='lat' dir='ltr'>glandi</span> <span class='ocrx_word' id='word_1_118' title='bbox 1158 2007 1239 2054; x_wconf 89' lang='lat' dir='ltr'>cum</span> <span class='ocrx_word' id='word_1_119' title='bbox 1264 1985 1340 2074; x_wconf 88' lang='lat' dir='ltr'>ipso</span> <span class='ocrx_word' id='word_1_120' title='bbox 1365 1987 1511 2056; x_wconf 89' lang='lat' dir='ltr'>missum</span> <span class='ocrx_word' id='word_1_121' title='bbox 1535 1986 1731 2063; x_wconf 90' lang='lat' dir='ltr'>dividerit,</span> <span class='ocrx_word' id='word_1_122' title='bbox 1759 1987 1833 2054; x_wconf 86' lang='lat' dir='ltr'>illis</span> <span class='ocrx_word' id='word_1_123' title='bbox 1857 2006 1939 2054; x_wconf 89' lang='lat' dir='ltr'>eum</span> <span class='ocrx_word' id='word_1_124' title='bbox 1963 1987 2162 2064; x_wconf 83' lang='lat' dir='ltr'>nutricare,</span> 
     </span>
     <span class='ocr_line' id='line_1_11' title="bbox 319 2131 2172 2226; baseline 0.003 -28"><span class='ocrx_word' id='word_1_125' title='bbox 319 2131 414 2200; x_wconf 90' lang='lat' dir='ltr'>sicut</span> <span class='ocrx_word' id='word_1_126' title='bbox 437 2134 622 2216; x_wconf 85' lang='lat' dir='ltr'>meruerit.</span> <span class='ocrx_word' id='word_1_127' title='bbox 649 2138 693 2202; x_wconf 88' lang='lat' dir='ltr'>Et</span> <span class='ocrx_word' id='word_1_128' title='bbox 715 2137 758 2204; x_wconf 91' lang='grc'>16</span> <span class='ocrx_word' id='word_1_129' title='bbox 782 2138 874 2224; x_wconf 92' lang='lat' dir='ltr'>quod</span> <span class='ocrx_word' id='word_1_130' title='bbox 897 2139 1021 2207; x_wconf 92' lang='lat' dir='ltr'>amodo</span> <span class='ocrx_word' id='word_1_131' title='bbox 1045 2143 1082 2206; x_wconf 88' lang='grc'>61</span> <span class='ocrx_word' id='word_1_132' title='bbox 1103 2159 1243 2226; x_wconf 87' lang='lat' dir='ltr'>semper</span> <span class='ocrx_word' id='word_1_133' title='bbox 1265 2139 1395 2207; x_wconf 89' lang='lat' dir='ltr'>ibidem</span> <span class='ocrx_word' id='word_1_134' title='bbox 1420 2138 1623 2215; x_wconf 90' lang='lat' dir='ltr'>seminant,</span> <span class='ocrx_word' id='word_1_135' title='bbox 1650 2137 1760 2204; x_wconf 86' lang='lat' dir='ltr'>deant</span> <span class='ocrx_word' id='word_1_136' title='bbox 1783 2137 1865 2205; x_wconf 91' lang='lat' dir='ltr'>inde</span> <span class='ocrx_word' id='word_1_137' title='bbox 1889 2136 2101 2206; x_wconf 87' lang='lat' dir='ltr'>terraticum</span> <span class='ocrx_word' id='word_1_138' title='bbox 2127 2139 2172 2206; x_wconf 90' lang='lat' dir='ltr'>ad</span> 
     </span>
     <span class='ocr_line' id='line_1_12' title="bbox 317 2285 2173 2378; baseline 0.003 -28"><span class='ocrx_word' id='word_1_139' title='bbox 317 2285 433 2372; x_wconf 90' lang='lat' dir='ltr'>ipsum</span> <span class='ocrx_word' id='word_1_140' title='bbox 457 2288 615 2364; x_wconf 88' lang='lat' dir='ltr'>missum,</span> <span class='ocrx_word' id='word_1_141' title='bbox 640 2289 733 2356; x_wconf 91' lang='lat' dir='ltr'>sicut</span> <span class='ocrx_word' id='word_1_142' title='bbox 754 2288 997 2376; x_wconf 88' lang='lat' dir='ltr'>supradictum</span> <span class='ocrx_word' id='word_1_143' title='bbox 1021 2297 1087 2359; x_wconf 89' lang='grc'><strong>661.</strong></span> <span class='ocrx_word' id='word_1_144' title='bbox 1114 2295 1158 2359; x_wconf 84' lang='grc'>111</span> <span class='ocrx_word' id='word_1_145' title='bbox 1181 2292 1211 2359; x_wconf 91' lang='grc'>61</span> <span class='ocrx_word' id='word_1_146' title='bbox 1234 2292 1281 2359; x_wconf 86' lang='grc'>16</span> <span class='ocrx_word' id='word_1_147' title='bbox 1303 2290 1372 2378; x_wconf 92' lang='lat' dir='ltr'>ipsi</span> <span class='ocrx_word' id='word_1_148' title='bbox 1395 2290 1594 2378; x_wconf 84' lang='lat' dir='ltr'>supradicti</span> <span class='ocrx_word' id='word_1_149' title='bbox 1617 2290 1802 2358; x_wconf 89' lang='lat' dir='ltr'>duodecim</span> <span class='ocrx_word' id='word_1_150' title='bbox 1829 2292 1915 2358; x_wconf 86' lang='lat' dir='ltr'>anni</span> <span class='ocrx_word' id='word_1_151' title='bbox 1940 2291 2108 2378; x_wconf 88' lang='lat' dir='ltr'>completi</span> <span class='ocrx_word' id='word_1_152' title='bbox 2131 2289 2173 2356; x_wconf 89' lang='lat' dir='ltr'>in</span> 
     </span>
     <span class='ocr_line' id='line_1_13' title="bbox 318 2439 2178 2531; baseline 0.003 -26"><span class='ocrx_word' id='word_1_153' title='bbox 318 2442 426 2506; x_wconf 88' lang='lat' dir='ltr'>antea</span> <span class='ocrx_word' id='word_1_154' title='bbox 450 2439 512 2506; x_wconf 89' lang='lat' dir='ltr'>ille</span> <span class='ocrx_word' id='word_1_155' title='bbox 536 2445 572 2507; x_wconf 96' lang='grc'>61</span> <span class='ocrx_word' id='word_1_156' title='bbox 594 2441 667 2509; x_wconf 91' lang='grc'><strong>6616</strong></span> <span class='ocrx_word' id='word_1_157' title='bbox 690 2443 856 2510; x_wconf 89' lang='lat' dir='ltr'>eredibus</span> <span class='ocrx_word' id='word_1_158' title='bbox 877 2445 1157 2531; x_wconf 85' lang='lat' dir='ltr'>suprascriptam</span> <span class='ocrx_word' id='word_1_159' title='bbox 1181 2446 1411 2512; x_wconf 87' lang='lat' dir='ltr'>traditionem</span> <span class='ocrx_word' id='word_1_160' title='bbox 1435 2447 1473 2512; x_wconf 92' lang='lat' dir='ltr'>in</span> <span class='ocrx_word' id='word_1_161' title='bbox 1497 2445 1697 2531; x_wconf 89' lang='lat' dir='ltr'>predictum</span> <span class='ocrx_word' id='word_1_162' title='bbox 1720 2444 1883 2512; x_wconf 86' lang='lat' dir='ltr'>ordinem</span> <span class='ocrx_word' id='word_1_163' title='bbox 1918 2449 2042 2512; x_wconf 90' lang='lat' dir='ltr'>tenere</span> <span class='ocrx_word' id='word_1_164' title='bbox 2065 2447 2102 2511; x_wconf 92' lang='lat' dir='ltr'>et</span> <span class='ocrx_word' id='word_1_165' title='bbox 2124 2445 2178 2512; x_wconf 89' lang='lat' dir='ltr'>la-</span> 
     </span>
     <span class='ocr_line' id='line_1_14' title="bbox 319 2595 2171 2686; baseline 0.005 -29"><span class='ocrx_word' id='word_1_166' title='bbox 319 2611 447 2659; x_wconf 88' lang='lat' dir='ltr'>vorare</span> <span class='ocrx_word' id='word_1_167' title='bbox 472 2611 542 2660; x_wconf 89' lang='lat' dir='ltr'>non</span> <span class='ocrx_word' id='word_1_168' title='bbox 566 2595 757 2674; x_wconf 88' lang='lat' dir='ltr'>voluerint,</span> <span class='ocrx_word' id='word_1_169' title='bbox 783 2597 946 2663; x_wconf 90' lang='lat' dir='ltr'>inclitum</span> <span class='ocrx_word' id='word_1_170' title='bbox 972 2597 1053 2665; x_wconf 90' lang='lat' dir='ltr'>illut</span> <span class='ocrx_word' id='word_1_171' title='bbox 1075 2599 1272 2666; x_wconf 81' lang='lat' dir='ltr'>lavoratum</span> <span class='ocrx_word' id='word_1_172' title='bbox 1297 2605 1333 2666; x_wconf 92' lang='grc'>61</span> <span class='ocrx_word' id='word_1_173' title='bbox 1356 2600 1546 2676; x_wconf 87' lang='lat' dir='ltr'>cultatum,</span> <span class='ocrx_word' id='word_1_174' title='bbox 1572 2600 1690 2686; x_wconf 88' lang='lat' dir='ltr'>qualis</span> <span class='ocrx_word' id='word_1_175' title='bbox 1716 2601 1905 2676; x_wconf 89' lang='lat' dir='ltr'>meruerit,</span> <span class='ocrx_word' id='word_1_176' title='bbox 1931 2598 2102 2667; x_wconf 90' lang='lat' dir='ltr'>remidtat</span> <span class='ocrx_word' id='word_1_177' title='bbox 2125 2601 2171 2667; x_wconf 90' lang='lat' dir='ltr'>ad</span> 
     </span>
     <span class='ocr_line' id='line_1_15' title="bbox 320 2749 2180 2842; baseline 0.004 -27"><span class='ocrx_word' id='word_1_178' title='bbox 320 2767 406 2832; x_wconf 88' lang='lat' dir='ltr'>pars</span> <span class='ocrx_word' id='word_1_179' title='bbox 431 2749 598 2835; x_wconf 88' lang='lat' dir='ltr'>prephati</span> <span class='ocrx_word' id='word_1_180' title='bbox 621 2752 829 2818; x_wconf 87' lang='lat' dir='ltr'>monasterii</span> <span class='ocrx_word' id='word_1_181' title='bbox 854 2755 890 2820; x_wconf 89' lang='lat' dir='ltr'>et</span> <span class='ocrx_word' id='word_1_182' title='bbox 913 2754 956 2822; x_wconf 92' lang='lat' dir='ltr'>de</span> <span class='ocrx_word' id='word_1_183' title='bbox 981 2751 1152 2821; x_wconf 88' lang='lat' dir='ltr'>iamdicta</span> <span class='ocrx_word' id='word_1_184' title='bbox 1175 2775 1343 2840; x_wconf 82' lang='lat' dir='ltr'>gemma,</span> <span class='ocrx_word' id='word_1_185' title='bbox 1384 2754 1587 2823; x_wconf 86' lang='lat' dir='ltr'>laciendum</span> <span class='ocrx_word' id='word_1_186' title='bbox 1611 2755 1705 2842; x_wconf 89' lang='lat' dir='ltr'>quod</span> <span class='ocrx_word' id='word_1_187' title='bbox 1733 2756 1898 2823; x_wconf 82' lang='lat' dir='ltr'>voluerit.</span> <span class='ocrx_word' id='word_1_188' title='bbox 1937 2757 1984 2821; x_wconf 91' lang='lat' dir='ltr'>De</span> <span class='ocrx_word' id='word_1_189' title='bbox 2013 2774 2085 2841; x_wconf 88' lang='lat' dir='ltr'>qua</span> <span class='ocrx_word' id='word_1_190' title='bbox 2114 2773 2180 2840; x_wconf 90' lang='lat' dir='ltr'>per</span> 
     </span>
     <span class='ocr_line' id='line_1_16' title="bbox 318 2901 2174 2994; baseline 0.008 -26"><span class='ocrx_word' id='word_1_191' title='bbox 318 2901 581 2970; x_wconf 86' lang='lat' dir='ltr'>combenientia</span> <span class='ocrx_word' id='word_1_192' title='bbox 604 2904 741 2990; x_wconf 79' lang='lat' dir='ltr'>guadio</span> <span class='ocrx_word' id='word_1_193' title='bbox 765 2905 853 2972; x_wconf 91' lang='lat' dir='ltr'>mihi</span> <span class='ocrx_word' id='word_1_194' title='bbox 876 2905 953 2991; x_wconf 91' lang='lat' dir='ltr'>ipse</span> <span class='ocrx_word' id='word_1_195' title='bbox 977 2902 1166 2974; x_wconf 87' lang='lat' dir='ltr'>iamdictus</span> <span class='ocrx_word' id='word_1_196' title='bbox 1188 2910 1348 2978; x_wconf 83' lang='lat' dir='ltr'>stefanus</span> <span class='ocrx_word' id='word_1_197' title='bbox 1371 2910 1470 2978; x_wconf 89' lang='lat' dir='ltr'>dedit</span> <span class='ocrx_word' id='word_1_198' title='bbox 1492 2914 1528 2976; x_wconf 89' lang='lat' dir='ltr'>et</span> <span class='ocrx_word' id='word_1_199' title='bbox 1552 2909 1784 2978; x_wconf 89' lang='lat' dir='ltr'>mediatorem</span> <span class='ocrx_word' id='word_1_200' title='bbox 1820 2909 1908 2976; x_wconf 91' lang='lat' dir='ltr'>mihi</span> <span class='ocrx_word' id='word_1_201' title='bbox 1942 2909 2060 2994; x_wconf 90' lang='lat' dir='ltr'>posuit</span> <span class='ocrx_word' id='word_1_202' title='bbox 2094 2909 2174 2982; x_wconf 75' lang='lat' dir='ltr'>vice</span> 
     </span>
    </p>

    <p class='ocr_par' dir='ltr' id='par_1_6' title="bbox 233 3055 2181 3919">
     <span class='ocr_line' id='line_1_17' title="bbox 316 3055 2171 3151; baseline 0.004 -29"><span class='ocrx_word' id='word_1_203' title='bbox 316 3055 470 3142; x_wconf 88' lang='lat' dir='ltr'>predicti</span> <span class='ocrx_word' id='word_1_204' title='bbox 494 3057 700 3124; x_wconf 87' lang='lat' dir='ltr'>monasterii</span> <span class='ocrx_word' id='word_1_205' title='bbox 726 3063 762 3124; x_wconf 88' lang='lat' dir='ltr'>et</span> <span class='ocrx_word' id='word_1_206' title='bbox 786 3079 847 3146; x_wconf 92' lang='lat' dir='ltr'>pro</span> <span class='ocrx_word' id='word_1_207' title='bbox 873 3059 949 3126; x_wconf 84' lang='lat' dir='ltr'>vice</span> <span class='ocrx_word' id='word_1_208' title='bbox 973 3059 1159 3128; x_wconf 85' lang='lat' dir='ltr'>nominato</span> <span class='ocrx_word' id='word_1_209' title='bbox 1182 3060 1313 3130; x_wconf 77' lang='lat' dir='ltr'>lemma</span> <span class='ocrx_word' id='word_1_210' title='bbox 1335 3064 1503 3150; x_wconf 82' lang='lat' dir='ltr'>seipsum3</span> <span class='ocrx_word' id='word_1_211' title='bbox 1529 3068 1566 3130; x_wconf 89' lang='lat' dir='ltr'>et</span> <span class='ocrx_word' id='word_1_212' title='bbox 1589 3081 1652 3150; x_wconf 90' lang='lat' dir='ltr'>per</span> <span class='ocrx_word' id='word_1_213' title='bbox 1675 3063 1753 3151; x_wconf 88' lang='lat' dir='ltr'>ipsa</span> <span class='ocrx_word' id='word_1_214' title='bbox 1776 3063 1911 3150; x_wconf 85' lang='lat' dir='ltr'>guadia</span> <span class='ocrx_word' id='word_1_215' title='bbox 1934 3063 2110 3149; x_wconf 84' lang='lat' dir='ltr'>obligavit</span> <span class='ocrx_word' id='word_1_216' title='bbox 2132 3082 2171 3132; x_wconf 92' lang='grc'>66</span> 
     </span>
     <span class='ocr_line' id='line_1_18' title="bbox 233 3165 2176 3307; baseline 0.004 -29"><span class='ocrx_word' id='word_1_217' title='bbox 233 3165 236 3172; x_wconf 29' lang='lat'>¹</span> <span class='ocrx_word' id='word_1_218' title='bbox 328 3216 365 3278; x_wconf 88' lang='grc'>61</span> <span class='ocrx_word' id='word_1_219' title='bbox 387 3211 461 3278; x_wconf 86' lang='grc'><strong>6616</strong></span> <span class='ocrx_word' id='word_1_220' title='bbox 484 3214 660 3282; x_wconf 88' lang='lat' dir='ltr'>eredibus.</span> <span class='ocrx_word' id='word_1_221' title='bbox 685 3213 783 3292; x_wconf 84' lang='lat' dir='ltr'>Quod</span> <span class='ocrx_word' id='word_1_222' title='bbox 805 3217 836 3281; x_wconf 90' lang='grc'>61</span> <span class='ocrx_word' id='word_1_223' title='bbox 859 3215 983 3281; x_wconf 87' lang='lat' dir='ltr'>taliter</span> <span class='ocrx_word' id='word_1_224' title='bbox 1005 3217 1153 3296; x_wconf 86' lang='lat' dir='ltr'>omnia,</span> <span class='ocrx_word' id='word_1_225' title='bbox 1191 3218 1284 3284; x_wconf 88' lang='lat' dir='ltr'>sicut</span> <span class='ocrx_word' id='word_1_226' title='bbox 1306 3219 1470 3307; x_wconf 90' lang='lat' dir='ltr'>superius</span> <span class='ocrx_word' id='word_1_227' title='bbox 1495 3221 1660 3306; x_wconf 85' lang='lat' dir='ltr'>legitur,</span> <span class='ocrx_word' id='word_1_228' title='bbox 1697 3219 1760 3287; x_wconf 92' lang='lat' dir='ltr'>ille</span> <span class='ocrx_word' id='word_1_229' title='bbox 1784 3224 1820 3286; x_wconf 90' lang='lat' dir='ltr'>et</span> <span class='ocrx_word' id='word_1_230' title='bbox 1843 3220 1917 3287; x_wconf 90' lang='lat' dir='ltr'>suis</span> <span class='ocrx_word' id='word_1_231' title='bbox 1939 3219 2103 3287; x_wconf 92' lang='lat' dir='ltr'>eredibus</span> <span class='ocrx_word' id='word_1_232' title='bbox 2127 3221 2176 3286; x_wconf 86' lang='lat' dir='ltr'>ad</span> 
     </span>
     <span class='ocr_line' id='line_1_19' title="bbox 318 3367 2174 3464; baseline 0.002 -30"><span class='ocrx_word' id='word_1_233' title='bbox 318 3385 403 3452; x_wconf 89' lang='lat' dir='ltr'>pars</span> <span class='ocrx_word' id='word_1_234' title='bbox 425 3367 538 3453; x_wconf 92' lang='lat' dir='ltr'>ipsius</span> <span class='ocrx_word' id='word_1_235' title='bbox 562 3367 770 3440; x_wconf 86' lang='lat' dir='ltr'>monasterii</span> <span class='ocrx_word' id='word_1_236' title='bbox 795 3369 899 3435; x_wconf 88' lang='lat' dir='ltr'>etde</span> <span class='ocrx_word' id='word_1_237' title='bbox 922 3369 1084 3454; x_wconf 89' lang='lat' dir='ltr'>predicta</span> <span class='ocrx_word' id='word_1_238' title='bbox 1106 3388 1250 3456; x_wconf 83' lang='lat' dir='ltr'>gemma</span> <span class='ocrx_word' id='word_1_239' title='bbox 1273 3391 1342 3442; x_wconf 89' lang='lat' dir='ltr'>non</span> <span class='ocrx_word' id='word_1_240' title='bbox 1366 3374 1655 3462; x_wconf 87' lang='lat' dir='ltr'>adimpleverint,</span> <span class='ocrx_word' id='word_1_241' title='bbox 1673 3377 1709 3442; x_wconf 92' lang='lat' dir='ltr'>et</span> <span class='ocrx_word' id='word_1_242' title='bbox 1732 3375 1862 3464; x_wconf 84' lang='lat' dir='ltr'>aliquit</span> <span class='ocrx_word' id='word_1_243' title='bbox 1886 3373 1968 3441; x_wconf 89' lang='lat' dir='ltr'>inde</span> <span class='ocrx_word' id='word_1_244' title='bbox 1992 3372 2174 3442; x_wconf 85' lang='lat' dir='ltr'>contradi-</span> 
     </span>
     <span class='ocr_line' id='line_1_20' title="bbox 317 3520 2170 3617; baseline 0.005 -30"><span class='ocrx_word' id='word_1_245' title='bbox 317 3520 449 3598; x_wconf 86' lang='lat' dir='ltr'>xerint,</span> <span class='ocrx_word' id='word_1_246' title='bbox 475 3540 540 3607; x_wconf 83' lang='lat' dir='ltr'>per</span> <span class='ocrx_word' id='word_1_247' title='bbox 561 3523 640 3608; x_wconf 86' lang='lat' dir='ltr'>ipsa</span> <span class='ocrx_word' id='word_1_248' title='bbox 662 3521 795 3608; x_wconf 85' lang='lat' dir='ltr'>guadia</span> <span class='ocrx_word' id='word_1_249' title='bbox 818 3541 1028 3609; x_wconf 90' lang='lat' dir='ltr'>componere</span> <span class='ocrx_word' id='word_1_250' title='bbox 1051 3525 1251 3612; x_wconf 81' lang='lat' dir='ltr'>hoingavit</span> <span class='ocrx_word' id='word_1_251' title='bbox 1273 3528 1403 3616; x_wconf 80' lang='lat' dir='ltr'>seipse</span> <span class='ocrx_word' id='word_1_252' title='bbox 1425 3531 1650 3617; x_wconf 83' lang='lat' dir='ltr'>supradictus</span> <span class='ocrx_word' id='word_1_253' title='bbox 1665 3532 1826 3599; x_wconf 82' lang='lat' dir='ltr'>stefanus</span> <span class='ocrx_word' id='word_1_254' title='bbox 1850 3533 1885 3596; x_wconf 88' lang='lat' dir='ltr'>et</span> <span class='ocrx_word' id='word_1_255' title='bbox 1900 3529 1975 3598; x_wconf 90' lang='lat' dir='ltr'>suis</span> <span class='ocrx_word' id='word_1_256' title='bbox 1990 3527 2170 3607; x_wconf 90' lang='lat' dir='ltr'>eredibus‚</span> 
     </span>
     <span class='ocr_line' id='line_1_21' title="bbox 315 3659 2181 3785; baseline 0.005 -44"><span class='ocrx_word' id='word_1_257' title='bbox 315 3674 406 3742; x_wconf 89' lang='lat' dir='ltr'>mihi</span> <span class='ocrx_word' id='word_1_258' title='bbox 429 3676 570 3764; x_wconf 88' lang='lat' dir='ltr'>meique</span> <span class='ocrx_word' id='word_1_259' title='bbox 593 3678 883 3754; x_wconf 88' lang='lat' dir='ltr'>successoribus,</span> <span class='ocrx_word' id='word_1_260' title='bbox 909 3679 965 3744; x_wconf 87' lang='lat' dir='ltr'>vel</span> <span class='ocrx_word' id='word_1_261' title='bbox 989 3678 1034 3746; x_wconf 92' lang='lat' dir='ltr'>ad</span> <span class='ocrx_word' id='word_1_262' title='bbox 1059 3699 1143 3766; x_wconf 88' lang='lat' dir='ltr'>pars</span> <span class='ocrx_word' id='word_1_263' title='bbox 1165 3681 1333 3768; x_wconf 88' lang='lat' dir='ltr'>prephati</span> <span class='ocrx_word' id='word_1_264' title='bbox 1357 3681 1578 3785; x_wconf 90' lang='lat' dir='ltr'>monasterii,</span> <span class='ocrx_word' id='word_1_265' title='bbox 1605 3659 1735 3772; x_wconf 76' lang='lat' dir='ltr'>uiginti</span> <span class='ocrx_word' id='word_1_266' title='bbox 1760 3685 1862 3752; x_wconf 87' lang='lat' dir='ltr'>aurei</span> <span class='ocrx_word' id='word_1_267' title='bbox 1886 3682 1991 3752; x_wconf 89' lang='lat' dir='ltr'>solidi</span> <span class='ocrx_word' id='word_1_268' title='bbox 2014 3686 2181 3751; x_wconf 85' lang='lat' dir='ltr'>constan-</span> 
     </span>
     <span class='ocr_line' id='line_1_22' title="bbox 314 3829 1473 3919; baseline 0.003 -21"><span class='ocrx_word' id='word_1_269' title='bbox 314 3829 459 3898; x_wconf 88' lang='lat' dir='ltr'>tiniani.</span> <span class='ocrx_word' id='word_1_270' title='bbox 486 3832 530 3896; x_wconf 84' lang='lat' dir='ltr'>Et</span> <span class='ocrx_word' id='word_1_271' title='bbox 553 3832 649 3898; x_wconf 88' lang='lat' dir='ltr'>bunc</span> <span class='ocrx_word' id='word_1_272' title='bbox 673 3834 822 3899; x_wconf 89' lang='lat' dir='ltr'>brebem</span> <span class='ocrx_word' id='word_1_273' title='bbox 846 3832 973 3919; x_wconf 85' lang='lat' dir='ltr'>scripsi</span> <span class='ocrx_word' id='word_1_274' title='bbox 998 3851 1064 3917; x_wconf 84' lang='lat' dir='ltr'>ego</span> <span class='ocrx_word' id='word_1_275' title='bbox 1089 3835 1212 3919; x_wconf 89' lang='lat' dir='ltr'>petrus</span> <span class='ocrx_word' id='word_1_276' title='bbox 1237 3836 1274 3900; x_wconf 91' lang='lat' dir='ltr'>et</span> <span class='ocrx_word' id='word_1_277' title='bbox 1297 3835 1473 3902; x_wconf 82' lang='lat' dir='ltr'>notarius</span> 
     </span>
    </p>
   </div>
   <div class='ocr_carea' id='block_1_6' title="bbox 358 3983 862 4076">
    <p class='ocr_par' dir='ltr' id='par_1_7' title="bbox 358 3983 862 4076">
     <span class='ocr_line' id='line_1_23' title="bbox 358 3983 862 4076; baseline -0.004 -24"><span class='ocrx_word' id='word_1_278' title='bbox 358 3983 385 4072; x_wconf 86' lang='lat'><em>†</em></span> <span class='ocrx_word' id='word_1_279' title='bbox 409 3988 481 4076; x_wconf 77' lang='lat' dir='ltr'>Ego</span> <span class='ocrx_word' id='word_1_280' title='bbox 504 3988 646 4052; x_wconf 89' lang='lat' dir='ltr'>amatus</span> <span class='ocrx_word' id='word_1_281' title='bbox 669 3983 862 4070; x_wconf 86' lang='lat' dir='ltr'>presbiter.</span> 
     </span>
    </p>
   </div>
   <div class='ocr_carea' id='block_1_7' title="bbox 1093 4335 1384 4629">
    <p class='ocr_par' dir='ltr' id='par_1_8' title="bbox 1093 4335 1384 4629">
     <span class='ocr_line' id='line_1_24' title="bbox 1106 4335 1363 4422; baseline 0.023 -10"><span class='ocrx_word' id='word_1_282' title='bbox 1106 4335 1363 4422; x_wconf 84' lang='lat' dir='ltr'>MCLVII</span> 
     </span>
     <span class='ocr_line' id='line_1_25' title="bbox 1093 4550 1384 4629; baseline 0.003 -1"><span class='ocrx_word' id='word_1_283' title='bbox 1093 4553 1153 4628; x_wconf 89' lang='lat' dir='ltr'>A.</span> <span class='ocrx_word' id='word_1_284' title='bbox 1181 4550 1239 4625; x_wconf 93' lang='lat' dir='ltr'>D.</span> <span class='ocrx_word' id='word_1_285' title='bbox 1268 4553 1384 4629; x_wconf 88' lang='lat'>1051</span> 
     </span>
    </p>
   </div>
   <div class='ocr_carea' id='block_1_8' title="bbox 318 4781 2178 5026">
    <p class='ocr_par' dir='ltr' id='par_1_9' title="bbox 318 4781 2178 5026">
     <span class='ocr_line' id='line_1_26' title="bbox 362 4781 2165 4878; baseline -0.001 -29"><span class='ocrx_word' id='word_1_286' title='bbox 362 4781 389 4874; x_wconf 69' lang='lat'>³5</span> <span class='ocrx_word' id='word_1_287' title='bbox 413 4785 451 4854; x_wconf 92' lang='grc'>16</span> <span class='ocrx_word' id='word_1_288' title='bbox 476 4785 618 4852; x_wconf 91' lang='lat' dir='ltr'>nomine</span> <span class='ocrx_word' id='word_1_289' title='bbox 641 4785 775 4852; x_wconf 92' lang='lat' dir='ltr'>domini</span> <span class='ocrx_word' id='word_1_290' title='bbox 799 4787 978 4854; x_wconf 89' lang='lat' dir='ltr'>tricesimo</span> <span class='ocrx_word' id='word_1_291' title='bbox 1003 4789 1109 4855; x_wconf 87' lang='lat' dir='ltr'>tertio</span> <span class='ocrx_word' id='word_1_292' title='bbox 1133 4809 1228 4858; x_wconf 90' lang='lat' dir='ltr'>anno</span> <span class='ocrx_word' id='word_1_293' title='bbox 1252 4789 1476 4878; x_wconf 89' lang='lat' dir='ltr'>principatus</span> <span class='ocrx_word' id='word_1_294' title='bbox 1500 4787 1619 4856; x_wconf 89' lang='lat' dir='ltr'>domni</span> <span class='ocrx_word' id='word_1_295' title='bbox 1643 4784 1759 4853; x_wconf 88' lang='lat' dir='ltr'>nostri</span> <span class='ocrx_word' id='word_1_296' title='bbox 1793 4783 1990 4870; x_wconf 77' lang='lat' dir='ltr'>guaimarii</span> <span class='ocrx_word' id='word_1_297' title='bbox 2016 4782 2165 4867; x_wconf 82' lang='lat' dir='ltr'>gloriosi</span> 
     </span>
     <span class='ocr_line' id='line_1_27' title="bbox 318 4935 2178 5026; baseline -0.002 -22"><span class='ocrx_word' id='word_1_298' title='bbox 318 4935 500 5026; x_wconf 88' lang='lat' dir='ltr'>principis,</span> <span class='ocrx_word' id='word_1_299' title='bbox 524 4942 561 5006; x_wconf 88' lang='lat' dir='ltr'>et</span> <span class='ocrx_word' id='word_1_300' title='bbox 583 4940 829 5008; x_wconf 90' lang='lat' dir='ltr'>tertiodecimo</span> <span class='ocrx_word' id='word_1_301' title='bbox 853 4960 948 5009; x_wconf 88' lang='lat' dir='ltr'>anno</span> <span class='ocrx_word' id='word_1_302' title='bbox 970 4942 1120 5010; x_wconf 87' lang='lat' dir='ltr'>ducatus</span> <span class='ocrx_word' id='word_1_303' title='bbox 1143 4945 1220 5011; x_wconf 88' lang='lat' dir='ltr'>cius</span> <span class='ocrx_word' id='word_1_304' title='bbox 1243 4943 1402 5020; x_wconf 86' lang='lat' dir='ltr'>amalfis,</span> <span class='ocrx_word' id='word_1_305' title='bbox 1428 4948 1465 5010; x_wconf 92' lang='lat' dir='ltr'>et</span> <span class='ocrx_word' id='word_1_306' title='bbox 1487 4942 1694 5010; x_wconf 88' lang='lat' dir='ltr'>duodecimo</span> <span class='ocrx_word' id='word_1_307' title='bbox 1718 4959 1812 5008; x_wconf 91' lang='lat' dir='ltr'>anno</span> <span class='ocrx_word' id='word_1_308' title='bbox 1835 4939 1987 5007; x_wconf 89' lang='lat' dir='ltr'>ducatus</span> <span class='ocrx_word' id='word_1_309' title='bbox 2010 4939 2087 5006; x_wconf 91' lang='lat' dir='ltr'>eius</span> <span class='ocrx_word' id='word_1_310' title='bbox 2110 4938 2178 5004; x_wconf 90' lang='lat' dir='ltr'>sir-</span> 
     </span>
    </p>
   </div>
   <div class='ocr_carea' id='block_1_9' title="bbox 306 5091 2175 5184">
    <p class='ocr_par' dir='ltr' id='par_1_10' title="bbox 306 5091 2175 5184">
     <span class='ocr_line' id='line_1_28' title="bbox 306 5091 2175 5184; baseline -0.001 -26"><span class='ocrx_word' id='word_1_311' title='bbox 306 5093 427 5170; x_wconf 77' lang='grc'><strong>66611,</strong></span> <span class='ocrx_word' id='word_1_312' title='bbox 452 5095 489 5160; x_wconf 89' lang='grc'>61</span> <span class='ocrx_word' id='word_1_313' title='bbox 512 5093 648 5162; x_wconf 88' lang='lat' dir='ltr'>decimo</span> <span class='ocrx_word' id='word_1_314' title='bbox 672 5114 767 5162; x_wconf 88' lang='lat' dir='ltr'>anno</span> <span class='ocrx_word' id='word_1_315' title='bbox 790 5096 1016 5183; x_wconf 88' lang='lat' dir='ltr'>principatus</span> <span class='ocrx_word' id='word_1_316' title='bbox 1039 5101 1076 5164; x_wconf 92' lang='lat' dir='ltr'>et</span> <span class='ocrx_word' id='word_1_317' title='bbox 1098 5097 1255 5184; x_wconf 91' lang='lat' dir='ltr'>ipsorum</span> <span class='ocrx_word' id='word_1_318' title='bbox 1279 5096 1473 5165; x_wconf 87' lang='lat' dir='ltr'>ducatuum</span> <span class='ocrx_word' id='word_1_319' title='bbox 1497 5095 1617 5164; x_wconf 91' lang='lat' dir='ltr'>domni</span> <span class='ocrx_word' id='word_1_320' title='bbox 1640 5094 1760 5180; x_wconf 79' lang='lat' dir='ltr'>gisulfi</span> <span class='ocrx_word' id='word_1_321' title='bbox 1784 5092 1909 5160; x_wconf 80' lang='lat' dir='ltr'>eximii</span> <span class='ocrx_word' id='word_1_322' title='bbox 1940 5091 2113 5180; x_wconf 92' lang='lat' dir='ltr'>principis</span> <span class='ocrx_word' id='word_1_323' title='bbox 2138 5095 2175 5158; x_wconf 91' lang='grc'>61</span> 
     </span>
    </p>
   </div>
   <div class='ocr_carea' id='block_1_10' title="bbox 317 5235 2179 5804">
    <p class='ocr_par' dir='ltr' id='par_1_11' title="bbox 317 5235 2179 5804">
     <span class='ocr_line' id='line_1_29' title="bbox 317 5235 2174 5336; baseline 0.001 -26"><span class='ocrx_word' id='word_1_324' title='bbox 317 5243 418 5311; x_wconf 89' lang='grc'><strong>16616</strong></span> <span class='ocrx_word' id='word_1_325' title='bbox 441 5245 506 5314; x_wconf 86' lang='lat' dir='ltr'>lilii</span> <span class='ocrx_word' id='word_1_326' title='bbox 530 5244 621 5323; x_wconf 90' lang='lat' dir='ltr'>eius,</span> <span class='ocrx_word' id='word_1_327' title='bbox 646 5263 766 5314; x_wconf 90' lang='lat' dir='ltr'>mense</span> <span class='ocrx_word' id='word_1_328' title='bbox 789 5235 922 5325; x_wconf 84' lang='lat' dir='ltr'>iunius,</span> <span class='ocrx_word' id='word_1_329' title='bbox 947 5252 1078 5336; x_wconf 83' lang='lat' dir='ltr'>quarta</span> <span class='ocrx_word' id='word_1_330' title='bbox 1094 5248 1305 5316; x_wconf 88' lang='lat' dir='ltr'>indictione.</span> <span class='ocrx_word' id='word_1_331' title='bbox 1330 5248 1620 5316; x_wconf 87' lang='lat' dir='ltr'>Memoratorium</span> <span class='ocrx_word' id='word_1_332' title='bbox 1638 5250 1769 5314; x_wconf 78' lang='grc'><strong>1661661</strong></span> <span class='ocrx_word' id='word_1_333' title='bbox 1794 5265 1889 5313; x_wconf 87' lang='lat' dir='ltr'>ame</span> <span class='ocrx_word' id='word_1_334' title='bbox 1905 5246 2078 5314; x_wconf 89' lang='lat' dir='ltr'>iohannes</span> <span class='ocrx_word' id='word_1_335' title='bbox 2094 5265 2174 5331; x_wconf 89' lang='lat' dir='ltr'>pre-</span> 
     </span>
     <span class='ocr_line' id='line_1_30' title="bbox 319 5399 2175 5490; baseline 0 -24"><span class='ocrx_word' id='word_1_336' title='bbox 319 5399 430 5467; x_wconf 89' lang='lat' dir='ltr'>sbiter</span> <span class='ocrx_word' id='word_1_337' title='bbox 453 5403 491 5466; x_wconf 89' lang='lat' dir='ltr'>et</span> <span class='ocrx_word' id='word_1_338' title='bbox 513 5404 708 5470; x_wconf 88' lang='lat' dir='ltr'>monachus</span> <span class='ocrx_word' id='word_1_339' title='bbox 726 5404 763 5468; x_wconf 90' lang='grc'>61</span> <span class='ocrx_word' id='word_1_340' title='bbox 786 5403 896 5470; x_wconf 88' lang='lat' dir='ltr'>abbas</span> <span class='ocrx_word' id='word_1_341' title='bbox 920 5403 1070 5470; x_wconf 87' lang='lat' dir='ltr'>ecclesie</span> <span class='ocrx_word' id='word_1_342' title='bbox 1093 5408 1216 5471; x_wconf 89' lang='lat' dir='ltr'>sancte</span> <span class='ocrx_word' id='word_1_343' title='bbox 1239 5405 1336 5480; x_wconf 84' lang='grc'><strong>66116,</strong></span> <span class='ocrx_word' id='word_1_344' title='bbox 1362 5423 1431 5490; x_wconf 91' lang='lat' dir='ltr'>que</span> <span class='ocrx_word' id='word_1_345' title='bbox 1455 5409 1662 5471; x_wconf 87' lang='lat' dir='ltr'>constructa</span> <span class='ocrx_word' id='word_1_346' title='bbox 1685 5411 1740 5470; x_wconf 90' lang='lat' dir='ltr'>cst</span> <span class='ocrx_word' id='word_1_347' title='bbox 1764 5403 1861 5468; x_wconf 88' lang='lat' dir='ltr'>intra</span> <span class='ocrx_word' id='word_1_348' title='bbox 1885 5421 1927 5469; x_wconf 90' lang='lat' dir='ltr'>ac</span> <span class='ocrx_word' id='word_1_349' title='bbox 1951 5400 2111 5478; x_wconf 91' lang='lat' dir='ltr'>cibitate,</span> <span class='ocrx_word' id='word_1_350' title='bbox 2139 5403 2175 5466; x_wconf 91' lang='lat' dir='ltr'>et</span> 
     </span>
     <span class='ocr_line' id='line_1_31' title="bbox 319 5555 2179 5648; baseline 0.001 -26"><span class='ocrx_word' id='word_1_351' title='bbox 319 5556 398 5643; x_wconf 87' lang='grc'><strong>1666</strong></span> <span class='ocrx_word' id='word_1_352' title='bbox 419 5557 572 5626; x_wconf 86' lang='lat' dir='ltr'>ecclesia</span> <span class='ocrx_word' id='word_1_353' title='bbox 596 5577 665 5645; x_wconf 87' lang='lat' dir='ltr'>que</span> <span class='ocrx_word' id='word_1_354' title='bbox 688 5559 945 5627; x_wconf 87' lang='lat' dir='ltr'>monasterium</span> <span class='ocrx_word' id='word_1_355' title='bbox 969 5561 1035 5638; x_wconf 89' lang='lat' dir='ltr'>est,</span> <span class='ocrx_word' id='word_1_356' title='bbox 1061 5561 1219 5648; x_wconf 90' lang='lat' dir='ltr'>pertinet</span> <span class='ocrx_word' id='word_1_357' title='bbox 1242 5555 1398 5646; x_wconf 88' lang='lat' dir='ltr'>paldollo</span> <span class='ocrx_word' id='word_1_358' title='bbox 1421 5561 1536 5628; x_wconf 83' lang='lat' dir='ltr'>irater</span> <span class='ocrx_word' id='word_1_359' title='bbox 1551 5559 1788 5647; x_wconf 84' lang='lat' dir='ltr'>suprascripti</span> <span class='ocrx_word' id='word_1_360' title='bbox 1810 5557 2060 5642; x_wconf 73' lang='lat' dir='ltr'>domninostri</span> <span class='ocrx_word' id='word_1_361' title='bbox 2075 5556 2179 5643; x_wconf 74' lang='lat' dir='ltr'>guai-</span> 
     </span>
     <span class='ocr_line' id='line_1_32' title="bbox 319 5698 2171 5804; baseline -0.001 -26"><span class='ocrx_word' id='word_1_362' title='bbox 319 5711 440 5788; x_wconf 88' lang='lat' dir='ltr'>marii,</span> <span class='ocrx_word' id='word_1_363' title='bbox 457 5729 499 5778; x_wconf 89' lang='lat' dir='ltr'>eo</span> <span class='ocrx_word' id='word_1_364' title='bbox 523 5712 616 5799; x_wconf 89' lang='lat' dir='ltr'>quod</span> <span class='ocrx_word' id='word_1_365' title='bbox 631 5717 716 5794; x_wconf 80' lang='lat' dir='ltr'>aute</span> <span class='ocrx_word' id='word_1_366' title='bbox 740 5715 957 5801; x_wconf 90' lang='lat' dir='ltr'>subscriptos</span> <span class='ocrx_word' id='word_1_367' title='bbox 972 5715 1117 5784; x_wconf 87' lang='lat' dir='ltr'>idoneos</span> <span class='ocrx_word' id='word_1_368' title='bbox 1139 5716 1275 5784; x_wconf 90' lang='lat' dir='ltr'>omines</span> <span class='ocrx_word' id='word_1_369' title='bbox 1298 5698 1363 5804; x_wconf 92' lang='lat' dir='ltr'>per</span> <span class='ocrx_word' id='word_1_370' title='bbox 1377 5715 1677 5784; x_wconf 88' lang='lat' dir='ltr'>combenientiam</span> <span class='ocrx_word' id='word_1_371' title='bbox 1695 5713 1827 5782; x_wconf 88' lang='lat' dir='ltr'>tradidi</span> <span class='ocrx_word' id='word_1_372' title='bbox 1845 5712 1993 5782; x_wconf 88' lang='lat' dir='ltr'>iohanni</span> <span class='ocrx_word' id='word_1_373' title='bbox 2005 5711 2171 5780; x_wconf 83' lang='grc'><strong>66616116</strong></span> 
     </span>
    </p>
   </div>
   <div class='ocr_carea' id='block_1_11' title="bbox 319 5865 2180 5957">
    <p class='ocr_par' dir='ltr' id='par_1_12' title="bbox 319 5865 2180 5957">
     <span class='ocr_line' id='line_1_33' title="bbox 319 5865 2180 5957; baseline 0 -24"><span class='ocrx_word' id='word_1_374' title='bbox 319 5865 394 5934; x_wconf 87' lang='lat' dir='ltr'>fflio</span> <span class='ocrx_word' id='word_1_375' title='bbox 417 5867 595 5954; x_wconf 86' lang='lat' dir='ltr'>quondam</span> <span class='ocrx_word' id='word_1_376' title='bbox 620 5867 812 5954; x_wconf 82' lang='lat' dir='ltr'>grimoaldi</span> <span class='ocrx_word' id='word_1_377' title='bbox 836 5873 874 5937; x_wconf 88' lang='grc'>61</span> <span class='ocrx_word' id='word_1_378' title='bbox 895 5869 1058 5957; x_wconf 87' lang='lat' dir='ltr'>iaquiuto</span> <span class='ocrx_word' id='word_1_379' title='bbox 1081 5871 1155 5940; x_wconf 82' lang='lat' dir='ltr'>illio</span> <span class='ocrx_word' id='word_1_380' title='bbox 1178 5871 1359 5957; x_wconf 89' lang='lat' dir='ltr'>quondam</span> <span class='ocrx_word' id='word_1_381' title='bbox 1383 5869 1483 5947; x_wconf 85' lang='lat' dir='ltr'>isari,</span> <span class='ocrx_word' id='word_1_382' title='bbox 1501 5875 1538 5936; x_wconf 92' lang='grc'>61</span> <span class='ocrx_word' id='word_1_383' title='bbox 1562 5889 1644 5936; x_wconf 91' lang='lat' dir='ltr'>urso</span> <span class='ocrx_word' id='word_1_384' title='bbox 1667 5870 1739 5937; x_wconf 83' lang='lat' dir='ltr'>illio</span> <span class='ocrx_word' id='word_1_385' title='bbox 1756 5870 1933 5955; x_wconf 87' lang='lat' dir='ltr'>quondam</span> <span class='ocrx_word' id='word_1_386' title='bbox 1952 5867 2091 5936; x_wconf 86' lang='lat' dir='ltr'>raidolll</span> <span class='ocrx_word' id='word_1_387' title='bbox 2108 5873 2180 5934; x_wconf 91' lang='lat' dir='ltr'>ter-</span> 
     </span>
    </p>
   </div>
   <div class='ocr_carea' id='block_1_12' title="bbox 0 0 2732 7104">
    <p class='ocr_par' dir='ltr' id='par_1_13' title="bbox 0 0 2732 7104">
     <span class='ocr_line' id='line_1_34' title="bbox 0 0 2732 7104; baseline 0 4"><span class='ocrx_word' id='word_1_388' title='bbox 0 0 2732 7104; x_wconf 95' lang='lat' dir='ltr'> </span> 
     </span>
    </p>
   </div>
  </div>
 </body>
</html>
