5398 7106
966 514 1414 591 circumastatis
2026 515 2090 588 187
2177 539 2179 544 ’

282 720 348 797 sia,
375 737 442 808 que
466 737 513 787 ex
536 717 632 786 omni
657 719 759 804 parte
783 715 974 782 coniuncta
998 715 1052 778 est
1076 711 1249 778 adfinem
1273 709 1384 796 ipsius
1407 708 1580 787 ccclesie;
1612 713 1649 775 et
1672 712 1726 776 est
1750 729 1812 796 per
1836 713 1901 778 hec
1926 727 2123 777 mensuras:

286 877 316 941 A
340 876 443 961 parte
466 869 731 959 septemtrionis
753 871 822 937 fine
846 868 1008 937 anditum
1032 865 1143 954 ipsius
1167 867 1325 942 ecclesie,
1344 884 1413 952 que
1437 864 1536 934 ducit
1559 882 1647 950 erga
1671 868 1804 932 tassum
1829 866 1871 932 de
1902 864 2017 951 ipsum
2041 883 2139 934 mon-

243 1059 245 1064 *
290 1033 361 1096 tem
386 1028 623 1115 pertinentem
647 1027 758 1112 ipsius
781 1025 941 1101 ecclesie,
967 1023 1049 1091 inde
1072 1023 1177 1108 pedes
1202 1021 1425 1108 bigintiduo:
1463 1025 1491 1088 A
1516 1023 1618 1104 parte
1641 1020 1791 1088 orientis
1815 1022 1920 1108 pedes
1955 1023 2137 1092 decernet

286 1186 434 1270 septem:
461 1185 490 1248 A
506 1180 654 1250 meridie
678 1181 747 1248 flue
771 1181 883 1248 alium
908 1180 1069 1247 anditum
1093 1177 1205 1265 ipsius
1229 1176 1378 1243 ecclesie
1394 1175 1473 1273 inde
1497 1181 1580 1242 sunt
1604 1176 1709 1262 pedes
1734 1173 1864 1262 biginti
1887 1193 1964 1242 sex:
1991 1177 2142 1261 Aperte

291 1339 484 1408 occidentis
507 1338 612 1426 pedes
635 1335 788 1404 sedecim
812 1333 1008 1402 mensurati
1031 1332 1123 1400 iusto
1147 1331 1253 1418 pedes
1269 1349 1396 1398 manus
1420 1328 1585 1396 hominis:
1603 1347 1667 1414 per
1691 1327 1779 1395 istas
1802 1328 1889 1395 fines
1913 1329 1949 1394 et
1961 1345 2143 1394 mensuras

288 1495 451 1562 inclitum
475 1494 558 1561 illut
581 1492 689 1560 michi
713 1489 863 1558 tradidit
886 1509 966 1557 cum
991 1490 1068 1557 bice
1092 1488 1137 1555 de
1159 1487 1238 1574 ipsa
1261 1487 1383 1556 andita
1405 1489 1442 1552 et
1465 1485 1524 1552 via
1547 1503 1624 1551 sua.
1651 1483 1727 1550 Tali
1751 1483 1889 1561 ordine,
1916 1485 1955 1549 ut
1970 1481 2095 1549 amodo
2111 1485 2146 1548 et

290 1667 399 1736 usque
423 1647 552 1734 biginti
578 1649 703 1714 nobem
726 1645 812 1713 anni
836 1645 1000 1732 completi
1024 1644 1069 1710 ad
1093 1663 1175 1711 mea
1198 1645 1235 1709 et
1258 1642 1301 1709 de
1326 1641 1414 1708 meis
1438 1637 1656 1716 heredibus,
1683 1640 1741 1705 vel
1766 1639 1809 1704 de
1833 1637 2020 1716 homines,
2054 1636 2146 1725 quod

290 1803 423 1872 ibidem
444 1803 672 1878 miserimus,
697 1803 770 1869 sint
793 1803 979 1889 potestatis
1001 1798 1084 1866 illut
1107 1798 1298 1866 tenendum
1323 1799 1360 1863 et
1382 1765 1660 1872 dominandum,
1692 1795 1791 1861 fovee
1815 1796 1851 1861 et
1873 1794 1989 1861 omnis
2014 1797 2135 1862 nostre

292 1957 460 2025 utilitatis
483 1957 578 2024 iusta
602 1955 775 2022 rationem
799 1953 930 2021 ibidem
955 1951 1170 2020 faciendum:
1196 1953 1233 2017 et
1256 1950 1364 2017 liceat
1387 1967 1449 2016 nos
1473 1965 1557 2016 casa
1577 1948 1723 2034 lignitia
1747 1947 1796 2016 ibi
1821 1949 1951 2026 facere3
1973 1948 2064 2016 etsi
2086 1969 2145 2018 vo-

191 2133 193 2136 ·
292 2107 465 2174 luerimus
488 2106 623 2194 pariter
647 2106 696 2173 ibi
720 2106 838 2173 iacere
862 2105 1012 2182 fabrica,
1038 2106 1250 2191 potestatem
1276 2106 1498 2180 habeamus;
1525 2106 1562 2170 et
1586 2103 1695 2171 liceat
1717 2122 1780 2171 nos
1804 2124 1827 2172 a
1849 2107 1974 2173 subtus
1997 2108 2034 2172 et
2055 2124 2146 2194 erga

295 2261 369 2348 ipso
393 2262 555 2330 anditum
580 2281 603 2328 a
625 2263 729 2347 parte
753 2260 902 2328 meridie
925 2261 1066 2327 sufficta
1089 2260 1132 2326 de
1156 2258 1342 2344 lignamen
1367 2259 1414 2324 ibi
1439 2259 1570 2335 facere,
1587 2257 1663 2324 sive
1687 2277 1769 2326 cum
1792 2260 1930 2328 fabrica
1953 2263 2055 2349 quasi
2080 2283 2143 2330 an-

295 2414 476 2490 timurale,
502 2417 542 2480 ut
564 2413 640 2499 ipso
664 2413 826 2480 auditum
850 2412 906 2479 vel
930 2413 1009 2499 ipsa
1032 2429 1135 2487 casa,
1163 2411 1255 2498 quod
1279 2410 1329 2478 ibi
1354 2392 1576 2486 fecerimus,
1599 2429 1667 2477 uon
1692 2415 1803 2488 ruat,
1829 2415 1866 2479 et
1889 2414 1998 2481 liceat
2021 2435 2084 2484 nos
2108 2418 2147 2486 in

295 2567 411 2652 ipsum
436 2567 597 2633 anditum
621 2566 668 2634 da
691 2566 770 2652 ipsa
793 2568 893 2652 parte
918 2565 1065 2633 meridie
1088 2565 1203 2633 omnis
1226 2567 1349 2631 nostra
1373 2563 1543 2631 utilitatis
1578 2565 1725 2642 facere,
1766 2569 1803 2632 et
1824 2584 1932 2653 super
1971 2570 2146 2656 coperire,

298 2721 472 2808 quantum
495 2721 550 2786 est
572 2719 650 2806 ipsa
675 2717 907 2796 tradictione,
933 2718 1090 2805 qualiter
1114 2718 1331 2785 voluerimus
1354 2738 1418 2805 pro
1442 2718 1618 2804 porticum
1643 2717 1682 2785 in
1705 2721 1821 2786 altum
1845 2740 1909 2808 pro
1933 2725 2053 2790 nostre
2079 2725 2150 2794 uti·
2175 2767 2178 2775 ·

298 2873 437 2949 litatis,
477 2873 527 2940 sic
552 2875 684 2942 utnon
707 2873 756 2940 sit
779 2873 1059 2960 inpedimentum
1083 2872 1128 2939 ad
1152 2873 1287 2940 omines
1312 2873 1373 2960 qui
1398 2873 1559 2940 retinunt
1582 2874 1674 2942 casis
1698 2874 1809 2962 ipsius
1834 2877 1996 2945 ecclesie.
2021 2881 2059 2946 et
2081 2899 2146 2966 per

296 3029 411 3114 ipsum
435 3026 596 3094 anditum
622 3026 810 3111 ingredere
834 3028 870 3092 et
894 3025 1085 3111 regredere
1107 3025 1204 3094 iusta
1228 3027 1403 3094 rationem
1428 3046 1538 3114 usque
1562 3027 1600 3095 iu
1624 3027 1739 3114 ipsam
1764 3029 1859 3097 viam
1900 3031 2010 3118 ipsius
2034 3035 2148 3100 eccle-

297 3182 361 3258 sie,
387 3181 480 3249 unde
504 3181 580 3249 vice
605 3180 707 3248 nobis
732 3179 895 3267 superius
919 3181 1071 3248 tradidit
1095 3183 1132 3248 et
1154 3200 1218 3268 per
1241 3182 1355 3268 ipsam
1379 3183 1475 3251 viam
1499 3201 1719 3268 pergamus,
1747 3185 1807 3252 ubi
1832 3187 2047 3256 voluerimus
2070 3208 2151 3256 cum

297 3335 411 3403 omnis
435 3338 554 3403 nostre
578 3335 815 3421 congruitatis
838 3334 929 3404 iustu
955 3336 1144 3403 rationem.
1187 3336 1231 3403 Et
1254 3338 1333 3424 ipsa
1366 3357 1450 3406 casa
1473 3338 1673 3407 conciemus
1697 3342 1813 3417 bona,
1854 3341 1948 3409 sicut
1980 3343 2150 3420 diximus,

298 3510 378 3557 cum
401 3490 597 3577 lignamina
619 3491 694 3558 sibe
718 3509 797 3558 oum
823 3491 973 3567 fabrica,
1000 3491 1156 3577 qualiter
1180 3493 1425 3570 voluerimus,
1465 3496 1502 3560 et
1524 3494 1746 3581 coperiamus
1770 3515 1850 3562 cum
1874 3497 2069 3574 scandale,
2116 3507 2153 3564 et

298 3644 428 3712 ibidem
454 3645 671 3712 resideamus
695 3648 732 3712 et
754 3645 945 3723 abitemus,
972 3644 1075 3712 etad
1100 3645 1326 3714 residendum
1350 3646 1487 3722 demus,
1514 3646 1671 3733 qualiter
1696 3647 1797 3715 nobis
1822 3649 2013 3734 placuerit,
2038 3651 2153 3718 omnis

299 3803 443 3885 prodem
468 3804 504 3867 et
526 3818 671 3867 censum
695 3799 787 3887 quod
811 3800 854 3867 de
878 3800 957 3886 ipsa
980 3798 1173 3867 traditione
1197 3799 1324 3866 tollere
1347 3804 1384 3868 et
1408 3804 1513 3869 abere
1537 3803 1770 3886 potuerimus,
1796 3805 1832 3869 et
1855 3803 2016 3871 seditura
2040 3806 2155 3872 totum

300 3957 383 4023 illut
406 3956 505 4026 nobis
528 3957 696 4022 abeamus
720 3952 921 4021 laciendum
945 3953 1027 4022 inde
1051 3953 1143 4040 quod
1167 3953 1395 4022 voluerimus.
1421 3958 1573 4022 Tantum
1597 3975 1662 4042 pro
1677 3974 1823 4025 censum
1846 3957 1890 4025 de
1906 3959 2158 4044 suprascripta

300 4112 494 4180 traditione
518 4111 641 4178 demus
664 4108 865 4194 peremnis
889 4127 1025 4175 annum
1050 4125 1160 4194 usque
1184 4107 1259 4194 ipso
1283 4108 1514 4176 constitutum
1538 4109 1582 4176 de
1606 4129 1726 4178 mense
1744 4108 1861 4178 iunius
1885 4111 1923 4178 in
1946 4131 2030 4198 pars
2046 4111 2158 4198 ipsius

301 4265 458 4353 ecclesie
472 4284 582 4332 unum
606 4281 755 4331 aureum
778 4262 851 4330 tari
874 4265 1006 4330 bonum
1032 4263 1070 4328 et
1091 4261 1160 4328 due
1184 4261 1299 4348 partis
1321 4261 1365 4328 de
1389 4281 1499 4329 unum
1515 4263 1627 4352 alium
1651 4263 1724 4330 tari
1744 4265 1888 4340 bonum,
1906 4268 1947 4333 ut
1970 4283 2033 4352 per
2051 4269 2159 4351 caput

301 4421 447 4488 badant.
484 4421 517 4485 ,t
539 4417 722 4485 licentiam
745 4419 940 4485 habeamus
964 4416 1105 4502 quando
1119 4385 1348 4482 'voluerimus
1374 4433 1484 4502 usque
1508 4413 1583 4500 ipso
1609 4415 1818 4484 costitutum
1842 4417 2026 4485 columnia
2061 4420 2160 4486 betu-

301 4579 369 4652 sta,
395 4577 460 4644 aut
483 4575 557 4642 alia
579 4573 781 4659 lignamina
804 4571 886 4638 inde
910 4575 1063 4648 mutare,
1088 4573 1125 4638 et
1148 4573 1240 4638 noba
1262 4573 1456 4640 columnias
1480 4571 1537 4638 vel
1560 4571 1746 4658 lignamen
1769 4572 1820 4641 ibi
1844 4590 1977 4659 ponere
2015 4575 2053 4640 et
2077 4576 2162 4642 abe-

303 4750 342 4798 re
360 4779 385 4826 ,
404 4730 498 4798 sicut
522 4728 709 4795 meruerit.
746 4726 844 4793 Unde
868 4727 906 4792 in
929 4745 969 4792 co
993 4725 1143 4792 hordine
1166 4745 1230 4812 per
1253 4697 1557 4796 combenieutiam
1589 4728 1666 4814 ipse
1689 4727 1839 4795 domnus
1864 4730 1974 4796 abbas
2013 4728 2075 4816 qui
2100 4732 2156 4796 est

303 4904 414 4953 unuin
437 4883 481 4950 de
504 4881 652 4949 dominii
675 4880 786 4967 ipsius
809 4879 959 4946 ecclesie
982 4877 1151 4966 guadiam
1177 4879 1284 4946 michi
1308 4880 1418 4956 dedit,
1433 4899 1517 4972 una
1539 4899 1620 4946 cum
1644 4879 1761 4966 ipsum
1786 4879 2001 4956 adbocatus,
2027 4883 2065 4947 et
2090 4900 2162 4948 me-

304 5040 442 5108 diatore
466 5037 575 5104 michi
599 5036 718 5124 posuit
741 5035 878 5122 polcari
901 5034 1053 5100 clericus
1075 5033 1169 5102 filius
1185 5033 1326 5117 stefani·
1340 5051 1403 5118 per
1427 5033 1685 5100 absolutionem
1701 5031 1813 5119 ipsius
1828 5033 2024 5119 genitorem
2040 5053 2156 5102 suum.

305 5195 350 5261 Et
371 5211 436 5280 per
459 5196 572 5278 ipsam
596 5190 767 5277 guadiam
791 5189 965 5275 obligavit
988 5207 1025 5254 se
1049 5187 1123 5274 ipse
1146 5189 1295 5255 domnus
1319 5191 1429 5256 abbas
1467 5190 1504 5272 et
1526 5205 1745 5254 successores
1770 5206 1856 5254 suos
1881 5191 1918 5253 et
1941 5207 2025 5274 pars
2049 5189 2161 5276 ipsius

306 5349 458 5415 ecclesie·
478 5347 603 5430 amodo
627 5349 664 5411 et
690 5362 799 5431 usque
822 5343 890 5430 ipsi
915 5342 1045 5428 biginti
1069 5344 1194 5410 nobem
1218 5342 1304 5408 anni
1328 5338 1494 5426 completi
1532 5339 1718 5407 defensare
1744 5339 1856 5406 michi
1882 5341 2021 5427 meique
2059 5344 2163 5409 here-

309 5503 410 5572 dibus
433 5502 537 5570 etad
560 5500 711 5576 omines,
737 5499 830 5586 quod
854 5498 985 5566 ibidem
1009 5497 1222 5573 miserimus
1249 5499 1325 5563 tota
1348 5498 1386 5562 et
1408 5495 1538 5562 inclita
1561 5495 1808 5581 suprascripta
1835 5494 2061 5572 tradictione,
2079 5515 2160 5563 cum

307 5661 385 5728 bice
409 5659 453 5726 de
477 5656 556 5743 ipsa
579 5653 705 5722 andita
727 5656 763 5720 et
786 5651 957 5720 iamdicta
980 5653 1061 5728 via,
1088 5655 1124 5718 et
1147 5669 1228 5717 cum
1250 5649 1419 5718 sericidie
1441 5653 1547 5717 extra
1571 5650 1666 5736 ipsas
1690 5667 1876 5717 mensuras
1900 5648 1937 5717 in
1961 5653 2063 5737 parte
2088 5669 2161 5716 me-

311 5813 405 5881 ridie
429 5816 526 5880 etin
549 5813 652 5898 parte
675 5808 940 5895 septemtrionis
962 5811 1008 5876 ab
1030 5807 1193 5875 omnibus
1218 5804 1421 5875 hominibus
1444 5805 1609 5892 omnique
1626 5807 1799 5893 partibus.
1826 5795 1883 5874 Ad
1895 5808 2069 5893 completo
2082 5805 2161 5891 ipsu
