5454 7104
1058 519 1464 594 ulruouuulcus
2061 523 2129 600 itt

323 725 405 813 post
427 721 624 807 completos
647 719 739 805 ipsos
761 717 837 785 dies
860 735 924 803 per
946 733 1067 783 omncs
1092 717 1185 783 vices
1209 715 1369 782 cartulas
1392 713 1502 801 ipsas,
1528 715 1647 802 qualis
1669 715 1721 783 eis
1743 715 1827 785 date
1851 717 1998 794 fuerint,
2016 717 2089 786 illis
2104 721 2178 788 ret

326 877 427 946 dant.
466 877 511 943 ut
533 875 608 962 ipse
630 871 838 942 ademarius
862 873 990 941 tribuit
1014 871 1181 940 iamdicto
1206 865 1449 938 castelmanno
1473 865 1689 948 licentiam,
1730 874 1769 938 ut
1792 871 1933 958 quando
1957 874 2019 938 ille
2042 877 2080 940 et
2103 873 2183 942 eius

329 1031 479 1100 heredes
502 1029 700 1104 voluerint,
726 1029 936 1114 potestatem
961 1029 1118 1094 habeant
1140 1023 1426 1111 suprascriptam
1450 1024 1691 1092 venditionem
1716 1044 1780 1112 per
1805 1044 1843 1093 se
1866 1025 2069 1106 defendere,
2095 1049 2182 1116 qua-

329 1185 413 1254 liter
436 1184 642 1258 voluerint,
683 1199 764 1248 cum
788 1181 949 1248 omnibus
972 1178 1231 1246 muniminibus
1254 1181 1292 1244 et
1315 1177 1526 1256 rationibus,
1554 1197 1643 1266 quas
1666 1179 1710 1246 do
1733 1197 1777 1246 ea
1799 1180 2034 1249 ostenderint.
2061 1185 2106 1249 Et
2135 1181 2183 1260 si,

329 1338 423 1409 sicut
445 1337 609 1424 superius
631 1335 807 1421 scriptum
831 1337 911 1406 est,
948 1333 1024 1419 ipse
1049 1333 1253 1401 ademarius
1292 1335 1328 1400 ct
1352 1335 1428 1400 eius
1452 1334 1601 1401 heredes
1625 1333 1704 1421 *ipsi
1728 1333 1971 1402 oastelmanno
2006 1338 2042 1402 et
2079 1336 2180 1404 illius

212 1469 216 1480 ¹
329 1493 518 1561 heredibus
543 1509 612 1558 non
634 1489 921 1577 adimpleverint,
947 1491 984 1555 et
1005 1487 1266 1575 suprascripta,
1292 1488 1349 1554 vel
1372 1505 1419 1554 ex
1443 1486 1494 1554 eis
1517 1487 1708 1574 quicquam
1732 1507 1915 1556 removere
1946 1492 2011 1557 aut
2034 1493 2176 1560 contra-

330 1649 449 1717 dicere
471 1643 769 1732 presumpserint,
787 1661 851 1730 per
874 1639 987 1729 ipsam
1009 1641 1179 1727 guadiam
1202 1641 1378 1728 obligavit
1400 1659 1438 1709 se
1461 1644 1498 1708 et
1519 1659 1600 1708 suos
1623 1642 1772 1710 heredes
1796 1663 2009 1730 componere
2036 1644 2103 1732 ipsi
2118 1663 2179 1712 ca·

329 1802 528 1870 stelmanno
551 1802 587 1866 et
610 1797 707 1865 illius
730 1795 920 1864 heredibus
943 1799 1085 1862 centum
1109 1794 1190 1864 auri
1213 1795 1342 1863 solidos
1365 1794 1683 1872 constantinianos,
1701 1797 1738 1862 et
1759 1795 1854 1863 siout
1876 1797 2044 1884 superius
2067 1796 2181 1884 scrip·

335 1958 409 2022 tum
434 1956 499 2030 est,
526 1952 735 2037 adimplere.
760 1953 805 2016 Et
827 1949 951 2018 taliter
975 1951 1010 2016 te
1033 1948 1255 2016 ademarium
1280 1947 1459 2015 notarium
1482 1948 1639 2016 scribere
1663 1948 1819 2035 precepi.

373 2109 400 2200 †
425 2111 499 2194 Ego
524 2107 585 2194 qui
607 2125 718 2192 supra
740 2105 913 2173 iohannes
936 2103 1059 2170 ludex.

1183 2547 1390 2628 MCLX

1138 2795 1197 2869 A.
1224 2793 1280 2867 D.
1311 2795 1425 2874 1051

373 3127 400 3218 †
424 3131 463 3195 In
488 3130 630 3196 nomine
653 3129 793 3200 domini
818 3132 997 3199 tricesimo
1022 3135 1150 3219 quarto
1173 3134 1293 3200 hanno
1316 3131 1536 3217 principatus
1560 3129 1681 3197 domni
1706 3127 1820 3196 nostri
1836 3127 2040 3213 guaimarii,
2059 3131 2095 3194 et
2110 3131 2184 3194 ter-

332 3281 520 3349 tiodecimo
544 3301 637 3350 anno
660 3283 810 3352 ducatus
833 3285 909 3352 eius
932 3285 1056 3353 amalli
1079 3286 1116 3351 et
1138 3289 1308 3353 surrento
1329 3333 1337 3362 ,
1363 3287 1400 3352 et
1422 3284 1559 3351 decimo
1583 3303 1677 3350 anno
1701 3283 2026 3372 suprascriptorum
2050 3285 2181 3368 princi-

329 3439 434 3522 patus
458 3437 494 3502 et
516 3436 666 3502 ducatus
692 3440 846 3522 ipsorum
881 3437 999 3504 domni
1022 3438 1142 3524 gisulfi
1164 3438 1404 3524 gloriosorum
1430 3437 1555 3506 eximii
1593 3435 1765 3522 principis
1799 3439 1835 3502 et
1868 3437 1969 3504 ducis
1990 3402 2213 3536 'uitiatus

330 3607 452 3656 mense
475 3588 667 3667 decembri,
686 3590 813 3678 quinta
835 3590 1041 3658 indictione.
1067 3595 1358 3660 Memoratorium
1382 3592 1516 3659 sactum
1540 3609 1562 3657 a
1586 3609 1641 3656 me
1665 3589 1870 3656 romoaldus
1885 3589 1981 3656 tilius
2005 3591 2182 3676 quondam

331 3743 437 3808 racisi
462 3743 639 3828 presbiter
663 3744 706 3810 de
732 3745 807 3811 loco
833 3748 1013 3812 masciano
1038 3763 1078 3810 eo
1102 3746 1194 3831 (prod
1208 3749 1303 3812 'ante
1326 3745 1457 3831 godeni
1480 3745 1636 3831 gastaldi
1660 3745 1704 3812 dc
1727 3744 1905 3812 mitiliano
1929 3743 2052 3810 etalii
2077 3745 2189 3811 testes

329 3896 518 3964 coniuntus
541 3915 618 3963 sum
643 3898 687 3964 ad
712 3917 803 3964 vona
826 3899 1087 3966 combenientia
1109 3919 1189 3966 cum
1215 3900 1389 3968 iohannes
1404 3901 1499 3967 filius
1523 3900 1700 3986 quondam
1722 3899 1879 3975 amandi,
1897 3901 1934 3966 et
1957 3917 2036 3964 cum
2062 3899 2186 3965 iohan-

331 4069 405 4127 nes,
431 4051 492 4137 qui
515 4049 647 4117 dicitur
670 4053 842 4129 casalina,
860 4052 953 4119 lilius
970 4053 1146 4140 quondam
1172 4055 1444 4142 marandiaipse
1466 4055 1639 4122 iohannes
1663 4053 1740 4122 vice
1763 4073 1829 4121 sua
1852 4073 1960 4140 quam
1976 4055 2012 4119 et
2028 4071 2091 4139 pro
2108 4053 2185 4120 uice

331 4205 454 4272 uxoris
479 4225 542 4272 sue
566 4207 707 4273 nomine
731 4207 824 4274 mira
839 4207 913 4274 filia
937 4208 1114 4295 quondam
1139 4209 1293 4296 iaquinti
1309 4215 1454 4296 propter
1476 4211 1522 4277 ad
1538 4205 1766 4277 dibidendum
1783 4207 1877 4275 inter
1893 4227 1955 4274 nos
1971 4209 2077 4273 rebus
2094 4206 2186 4293 quod

270 4425 274 4431 .
330 4363 476 4426 abemus
501 4364 536 4426 in
561 4362 676 4427 locum
702 4362 894 4437 mariana,
930 4365 1052 4428 monte
1076 4365 1111 4428 et
1135 4365 1256 4447 plano,
1284 4359 1439 4448 qualiter
1462 4363 1679 4430 dominaturi
1705 4365 1741 4428 et
1763 4361 1955 4449 possessuri
1979 4379 2100 4428 sumus
2123 4379 2188 4446 per

330 4513 462 4579 nostris
487 4513 685 4580 rationibus
708 4517 745 4580 et
767 4515 810 4581 de
826 4515 979 4600 gradum
1005 4519 1209 4602 parentum:
1229 4520 1265 4584 in
1290 4518 1416 4604 primis
1439 4515 1629 4585 dividimus
1653 4521 1690 4582 et
1705 4515 1948 4583 dixdnibimus
1971 4515 2049 4601 ipsa
2065 4520 2186 4590 rebus,

332 4669 390 4734 ubi
415 4686 479 4754 per
503 4671 622 4752 partes
646 4686 767 4734 sumus
791 4669 1003 4736 residentis:
1040 4673 1114 4759 ipse
1139 4672 1312 4738 iohannes
1336 4672 1496 4738 casalina
1520 4690 1583 4757 pro
1608 4672 1711 4756 parte
1735 4673 1770 4736 et
1793 4671 1870 4737 vice
1906 4669 2028 4736 uxoris
2062 4687 2124 4736 sue
2147 4675 2186 4736 et

330 4839 394 4904 pro
418 4821 640 4888 consortibus
663 4822 735 4888 suis
759 4822 996 4908 compreensit
1020 4824 1145 4891 inclita
1170 4845 1241 4891 una
1264 4827 1379 4900 sorte,
1406 4825 1498 4911 quod
1522 4828 1576 4892 est
1600 4822 1746 4890 tertiam
1770 4829 1900 4908 parte,
1926 4822 1986 4889 ubi
2012 4821 2072 4889 ille
2097 4822 2184 4888 resi-

331 4973 454 5040 dentes
478 4979 557 5050 est,
583 4969 729 5061 que'est
752 4997 774 5044 a
796 4996 880 5063 pars
903 4978 1096 5046 occidentis
1119 4998 1199 5044 cum
1224 4977 1301 5064 ipsa
1325 4982 1442 5056 rebus,
1469 4997 1537 5064 que
1561 4979 1689 5044 ibidem
1715 4979 1879 5062 paratum
1905 4978 1987 5042 abet
2009 4975 2186 5042 amandus

331 5127 519 5213 presbiter,
537 5130 574 5195 et
589 5129 664 5215 ipse
688 5129 862 5198 iohannes
886 5131 980 5198 filius
1003 5131 1200 5218 supradicti
1216 5131 1390 5199 amandus
1414 5131 1650 5216 compreensit
1675 5147 1746 5196 una
1761 5132 1855 5196 sorte
1872 5129 2038 5197 mediana
2061 5132 2098 5195 et
2113 5147 2181 5216 ego

332 5283 532 5349 romoaldus
555 5303 634 5350 cum
659 5286 845 5371 nepotibus
869 5287 955 5352 meis
980 5286 1124 5353 nomina
1147 5286 1294 5352 illarum
1318 5285 1448 5372 pando,
1467 5288 1503 5351 et
1527 5285 1729 5370 berengari,
1747 5287 1783 5350 ot
1806 5284 1978 5352 iohannes
2001 5283 2180 5368 germani,

330 5436 397 5503 filii
420 5437 597 5523 quondam
619 5437 722 5523 petri,
741 5437 802 5525 qui
817 5437 886 5505 suit
908 5457 1101 5523 germanus
1125 5457 1235 5513 meus,
1259 5458 1330 5506 uua
1353 5459 1434 5506 cum
1459 5438 1531 5505 illis
1555 5438 1853 5524 compreensimus
1877 5437 1951 5504 alia
1977 5436 2084 5504 tertia
2100 5456 2184 5523 par-

330 5593 379 5667 te,
405 5585 559 5677 qualiter
581 5608 703 5656 sumus
729 5590 929 5667 residentis,
948 5610 1017 5678 que
1040 5594 1094 5658 est
1117 5611 1139 5658 a
1162 5609 1247 5678 pars
1271 5589 1421 5657 orientis
1444 5592 1481 5655 et
1504 5588 1587 5654 illut
1609 5588 1655 5655 da
1679 5588 1758 5655 aira
1782 5589 1874 5676 quod
1898 5608 1964 5676 ego
1988 5594 2027 5658 et
2048 5593 2185 5660 rackisi

225 5766 239 5785 ⁴
331 5743 507 5828 presbiter
530 5745 728 5828 genitorem
753 5762 871 5810 meum
894 5745 931 5809 et
954 5761 1034 5809 cum
1058 5743 1125 5830 ipsi
1148 5744 1213 5810 alii
1237 5744 1402 5830 germani
1426 5741 1496 5810 mei
1520 5741 1703 5810 venditum
1727 5745 1873 5810 abemus
1897 5743 1942 5810 ad
1965 5743 2123 5812 delectus
2148 5748 2185 5810 et

331 5896 519 5982 meringno
543 5915 607 5982 per
628 5895 709 5964 finis
731 5897 768 5963 et
790 5914 988 5975 mensuras,
1005 5895 1099 5963 sicut
1120 5895 1265 5962 illorum
1289 5898 1431 5964 cartula
1454 5899 1614 5965 continet
1637 5914 1701 5982 por
1718 5899 1858 5965 tantam
1882 5915 2086 5964 mensuram
2103 5896 2188 5964 inde

474 6014 546 6072 Tou.
564 6027 600 6070 vu
1707 6021 1710 6028 “
2079 6017 2114 6072 22
