<?xml version="1.0" encoding="UTF-8"?>
<!DOCTYPE html PUBLIC "-//W3C//DTD XHTML 1.0 Transitional//EN"
    "http://www.w3.org/TR/xhtml1/DTD/xhtml1-transitional.dtd">
<html xmlns="http://www.w3.org/1999/xhtml" xml:lang="en" lang="en">
 <head>
  <title>
</title>
<meta http-equiv="Content-Type" content="text/html;charset=utf-8" />
  <meta name='ocr-system' content='tesseract 3.04.00' />
  <meta name='ocr-capabilities' content='ocr_page ocr_carea ocr_par ocr_line ocrx_word'/>
</head>
<body>
  <div class='ocr_page' id='page_1' title='image "./codexdiplomatic01aragoog_0238.png"; bbox 0 0 5398 7106; ppageno 0'>
   <div class='ocr_carea' id='block_1_1' title="bbox 1236 457 1701 540">
    <p class='ocr_par' dir='ltr' id='par_1_1' title="bbox 1236 457 1701 540">
     <span class='ocr_line' id='line_1_1' title="bbox 1236 457 1701 540; baseline 0.017 -8"><span class='ocrx_word' id='word_1_1' title='bbox 1236 457 1408 534; x_wconf 83' lang='lat' dir='ltr'>CODEX</span> <span class='ocrx_word' id='word_1_2' title='bbox 1438 459 1701 540; x_wconf 29' lang='lat' dir='ltr'>&#39;caveus-ts</span> 
     </span>
    </p>
   </div>
   <div class='ocr_carea' id='block_1_2' title="bbox 1309 759 1622 1056">
    <p class='ocr_par' dir='ltr' id='par_1_2' title="bbox 1309 759 1622 1056">
     <span class='ocr_line' id='line_1_2' title="bbox 1309 759 1622 844; baseline 0.016 -4"><span class='ocrx_word' id='word_1_3' title='bbox 1309 759 1622 844; x_wconf 77' lang='lat' dir='ltr'>MGLxxx</span> 
     </span>
     <span class='ocr_line' id='line_1_3' title="bbox 1312 954 1608 1056; baseline 0.02 -6"><span class='ocrx_word' id='word_1_4' title='bbox 1312 974 1372 1050; x_wconf 90' lang='lat' dir='ltr'>A.</span> <span class='ocrx_word' id='word_1_5' title='bbox 1399 978 1456 1054; x_wconf 87' lang='lat' dir='ltr'>D.</span> <span class='ocrx_word' id='word_1_6' title='bbox 1485 954 1608 1056; x_wconf 85' lang='lat'><strong>1053</strong></span> 
     </span>
    </p>
   </div>
   <div class='ocr_carea' id='block_1_3' title="bbox 577 1217 2395 1350">
    <p class='ocr_par' dir='ltr' id='par_1_3' title="bbox 577 1217 2395 1350">
     <span class='ocr_line' id='line_1_4' title="bbox 577 1217 2395 1350; baseline 0.001 -39"><span class='ocrx_word' id='word_1_7' title='bbox 577 1241 605 1332; x_wconf 83' lang='lat'>†</span> <span class='ocrx_word' id='word_1_8' title='bbox 630 1217 669 1311; x_wconf 91' lang='lat' dir='ltr'>ln</span> <span class='ocrx_word' id='word_1_9' title='bbox 692 1245 843 1312; x_wconf 83' lang='lat' dir='ltr'>nomine</span> <span class='ocrx_word' id='word_1_10' title='bbox 860 1244 995 1314; x_wconf 89' lang='lat' dir='ltr'>domini</span> <span class='ocrx_word' id='word_1_11' title='bbox 1018 1245 1145 1350; x_wconf 85' lang='lat' dir='ltr'>domno</span> <span class='ocrx_word' id='word_1_12' title='bbox 1171 1245 1201 1330; x_wconf 90' lang='lat'>¹)</span> <span class='ocrx_word' id='word_1_13' title='bbox 1224 1246 1452 1316; x_wconf 90' lang='lat' dir='ltr'>constantino</span> <span class='ocrx_word' id='word_1_14' title='bbox 1474 1247 1598 1317; x_wconf 87' lang='lat' dir='ltr'>divina</span> <span class='ocrx_word' id='word_1_15' title='bbox 1620 1245 1742 1336; x_wconf 84' lang='lat' dir='ltr'>gratia</span> <span class='ocrx_word' id='word_1_16' title='bbox 1757 1250 1973 1336; x_wconf 79' lang='lat' dir='ltr'>imperatore</span> <span class='ocrx_word' id='word_1_17' title='bbox 1989 1253 2154 1336; x_wconf 84' lang='lat' dir='ltr'>augusto,</span> <span class='ocrx_word' id='word_1_18' title='bbox 2187 1249 2251 1316; x_wconf 92' lang='lat' dir='ltr'>deo</span> <span class='ocrx_word' id='word_1_19' title='bbox 2272 1245 2395 1334; x_wconf 89' lang='lat' dir='ltr'>propi-</span> 
     </span>
    </p>
   </div>
   <div class='ocr_carea' id='block_1_4' title="bbox 449 1367 2480 4263">
    <p class='ocr_par' dir='ltr' id='par_1_4' title="bbox 449 1367 2480 4263">
     <span class='ocr_line' id='line_1_5' title="bbox 449 1367 2392 1488; baseline 0.003 -22"><span class='ocrx_word' id='word_1_20' title='bbox 449 1367 451 1372; x_wconf 29' lang='lat'><strong><em>¹</em></strong></span> <span class='ocrx_word' id='word_1_21' title='bbox 539 1399 600 1474; x_wconf 86' lang='lat' dir='ltr'>tio,</span> <span class='ocrx_word' id='word_1_22' title='bbox 626 1417 747 1468; x_wconf 89' lang='lat' dir='ltr'>mense</span> <span class='ocrx_word' id='word_1_23' title='bbox 769 1400 942 1488; x_wconf 78' lang='lat' dir='ltr'>haprebs,</span> <span class='ocrx_word' id='word_1_24' title='bbox 960 1405 1065 1470; x_wconf 90' lang='lat' dir='ltr'>sexta</span> <span class='ocrx_word' id='word_1_25' title='bbox 1081 1399 1290 1469; x_wconf 80' lang='lat' dir='ltr'>indictione.</span> <span class='ocrx_word' id='word_1_26' title='bbox 1317 1401 1468 1488; x_wconf 87' lang='lat' dir='ltr'>ideoque</span> <span class='ocrx_word' id='word_1_27' title='bbox 1491 1419 1557 1488; x_wconf 82' lang='lat' dir='ltr'>ego</span> <span class='ocrx_word' id='word_1_28' title='bbox 1572 1403 1629 1470; x_wconf 85' lang='lat' dir='ltr'>vir</span> <span class='ocrx_word' id='word_1_29' title='bbox 1652 1403 1795 1471; x_wconf 91' lang='lat' dir='ltr'>nomine</span> <span class='ocrx_word' id='word_1_30' title='bbox 1810 1403 2014 1472; x_wconf 90' lang='lat' dir='ltr'>adelbertus</span> <span class='ocrx_word' id='word_1_31' title='bbox 2036 1403 2142 1471; x_wconf 82' lang='lat' dir='ltr'>illius</span> <span class='ocrx_word' id='word_1_32' title='bbox 2157 1401 2300 1470; x_wconf 90' lang='lat' dir='ltr'>cuidam</span> <span class='ocrx_word' id='word_1_33' title='bbox 2316 1421 2392 1472; x_wconf 90' lang='lat' dir='ltr'>rnu-</span> 
     </span>
     <span class='ocr_line' id='line_1_6' title="bbox 539 1554 2393 1643; baseline 0.002 -22"><span class='ocrx_word' id='word_1_34' title='bbox 539 1554 642 1623; x_wconf 88' lang='lat' dir='ltr'>sandi</span> <span class='ocrx_word' id='word_1_35' title='bbox 666 1557 976 1643; x_wconf 76' lang='lat' dir='ltr'>protospathario,</span> <span class='ocrx_word' id='word_1_36' title='bbox 1013 1555 1075 1642; x_wconf 90' lang='lat' dir='ltr'>qui</span> <span class='ocrx_word' id='word_1_37' title='bbox 1110 1572 1232 1622; x_wconf 89' lang='lat' dir='ltr'>sumus</span> <span class='ocrx_word' id='word_1_38' title='bbox 1255 1557 1517 1622; x_wconf 85' lang='lat' dir='ltr'>commorantes</span> <span class='ocrx_word' id='word_1_39' title='bbox 1540 1555 1638 1624; x_wconf 91' lang='lat' dir='ltr'>intus</span> <span class='ocrx_word' id='word_1_40' title='bbox 1659 1556 1845 1627; x_wconf 90' lang='lat' dir='ltr'>cibitatem</span> <span class='ocrx_word' id='word_1_41' title='bbox 1868 1557 2033 1635; x_wconf 89' lang='lat' dir='ltr'>luceria,</span> <span class='ocrx_word' id='word_1_42' title='bbox 2074 1557 2266 1626; x_wconf 84' lang='lat' dir='ltr'>clarelacio</span> <span class='ocrx_word' id='word_1_43' title='bbox 2289 1555 2393 1624; x_wconf 90' lang='lat' dir='ltr'>enim</span> 
     </span>
     <span class='ocr_line' id='line_1_7' title="bbox 539 1658 2396 1797; baseline 0.003 -24"><span class='ocrx_word' id='word_1_44' title='bbox 539 1707 636 1775; x_wconf 90' lang='lat' dir='ltr'>intus</span> <span class='ocrx_word' id='word_1_45' title='bbox 659 1707 698 1775; x_wconf 94' lang='lat' dir='ltr'>in</span> <span class='ocrx_word' id='word_1_46' title='bbox 721 1727 763 1775; x_wconf 88' lang='lat' dir='ltr'>ac</span> <span class='ocrx_word' id='word_1_47' title='bbox 786 1658 949 1795; x_wconf 89' lang='lat' dir='ltr'>predicta</span> <span class='ocrx_word' id='word_1_48' title='bbox 973 1709 1120 1777; x_wconf 89' lang='lat' dir='ltr'>cibitate</span> <span class='ocrx_word' id='word_1_49' title='bbox 1144 1710 1304 1786; x_wconf 87' lang='lat' dir='ltr'>luceria,</span> <span class='ocrx_word' id='word_1_50' title='bbox 1339 1709 1498 1795; x_wconf 86' lang='lat' dir='ltr'>qualiter</span> <span class='ocrx_word' id='word_1_51' title='bbox 1521 1712 1606 1776; x_wconf 88' lang='lat' dir='ltr'>ante</span> <span class='ocrx_word' id='word_1_52' title='bbox 1629 1710 1847 1797; x_wconf 85' lang='lat' dir='ltr'>presentiam</span> <span class='ocrx_word' id='word_1_53' title='bbox 1883 1711 2038 1780; x_wconf 89' lang='lat' dir='ltr'>iohanne</span> <span class='ocrx_word' id='word_1_54' title='bbox 2071 1709 2224 1778; x_wconf 86' lang='lat' dir='ltr'>iudicem</span> <span class='ocrx_word' id='word_1_55' title='bbox 2253 1713 2291 1778; x_wconf 91' lang='lat' dir='ltr'>et</span> <span class='ocrx_word' id='word_1_56' title='bbox 2312 1710 2396 1778; x_wconf 88' lang='lat' dir='ltr'>aliis</span> 
     </span>
     <span class='ocr_line' id='line_1_8' title="bbox 495 1861 2392 1956; baseline 0.004 -32"><span class='ocrx_word' id='word_1_57' title='bbox 495 1873 499 1882; x_wconf 91' lang='lat'><em>·</em></span> <span class='ocrx_word' id='word_1_58' title='bbox 538 1862 638 1930; x_wconf 88' lang='lat' dir='ltr'>vonis</span> <span class='ocrx_word' id='word_1_59' title='bbox 661 1861 838 1932; x_wconf 89' lang='lat' dir='ltr'>ominibus</span> <span class='ocrx_word' id='word_1_60' title='bbox 863 1866 923 1952; x_wconf 88' lang='lat' dir='ltr'>qui</span> <span class='ocrx_word' id='word_1_61' title='bbox 949 1863 982 1932; x_wconf 94' lang='lat' dir='ltr'>ic</span> <span class='ocrx_word' id='word_1_62' title='bbox 1006 1865 1130 1931; x_wconf 85' lang='lat' dir='ltr'>subter</span> <span class='ocrx_word' id='word_1_63' title='bbox 1153 1862 1357 1956; x_wconf 78' lang='lat' dir='ltr'>conscripti,</span> <span class='ocrx_word' id='word_1_64' title='bbox 1384 1862 1469 1951; x_wconf 90' lang='lat' dir='ltr'>quia</span> <span class='ocrx_word' id='word_1_65' title='bbox 1493 1863 1607 1930; x_wconf 90' lang='lat' dir='ltr'>habeo</span> <span class='ocrx_word' id='word_1_66' title='bbox 1630 1863 1895 1950; x_wconf 89' lang='lat' dir='ltr'>aliquantulum</span> <span class='ocrx_word' id='word_1_67' title='bbox 1919 1863 1963 1930; x_wconf 93' lang='lat' dir='ltr'>de</span> <span class='ocrx_word' id='word_1_68' title='bbox 1986 1865 2086 1931; x_wconf 87' lang='lat' dir='ltr'>terra</span> <span class='ocrx_word' id='word_1_69' title='bbox 2112 1882 2226 1931; x_wconf 83' lang='lat' dir='ltr'>vacua</span> <span class='ocrx_word' id='word_1_70' title='bbox 2248 1864 2392 1952; x_wconf 89' lang='lat' dir='ltr'>propin-</span> 
     </span>
     <span class='ocr_line' id='line_1_9' title="bbox 540 2016 2389 2105; baseline 0.002 -22"><span class='ocrx_word' id='word_1_71' title='bbox 540 2035 608 2104; x_wconf 83' lang='lat' dir='ltr'>quo</span> <span class='ocrx_word' id='word_1_72' title='bbox 631 2018 774 2084; x_wconf 86' lang='lat' dir='ltr'>vallone</span> <span class='ocrx_word' id='word_1_73' title='bbox 798 2016 958 2104; x_wconf 76' lang='lat' dir='ltr'>predicte</span> <span class='ocrx_word' id='word_1_74' title='bbox 981 2017 1140 2086; x_wconf 89' lang='lat' dir='ltr'>cibitatis</span> <span class='ocrx_word' id='word_1_75' title='bbox 1164 2017 1315 2094; x_wconf 84' lang='lat' dir='ltr'>luceria,</span> <span class='ocrx_word' id='word_1_76' title='bbox 1334 2016 1430 2084; x_wconf 87' lang='lat' dir='ltr'>iusta</span> <span class='ocrx_word' id='word_1_77' title='bbox 1453 2017 1532 2104; x_wconf 89' lang='lat' dir='ltr'>ipsa</span> <span class='ocrx_word' id='word_1_78' title='bbox 1555 2017 1614 2084; x_wconf 87' lang='lat' dir='ltr'>via</span> <span class='ocrx_word' id='word_1_79' title='bbox 1637 2037 1706 2105; x_wconf 91' lang='lat' dir='ltr'>que</span> <span class='ocrx_word' id='word_1_80' title='bbox 1731 2018 1831 2087; x_wconf 92' lang='lat' dir='ltr'>badit</span> <span class='ocrx_word' id='word_1_81' title='bbox 1845 2019 1883 2086; x_wconf 91' lang='lat' dir='ltr'>in</span> <span class='ocrx_word' id='word_1_82' title='bbox 1899 2017 2016 2086; x_wconf 90' lang='lat' dir='ltr'>vicum</span> <span class='ocrx_word' id='word_1_83' title='bbox 2041 2018 2102 2105; x_wconf 91' lang='lat' dir='ltr'>qui</span> <span class='ocrx_word' id='word_1_84' title='bbox 2126 2017 2258 2086; x_wconf 91' lang='lat' dir='ltr'>dicitur</span> <span class='ocrx_word' id='word_1_85' title='bbox 2281 2019 2389 2096; x_wconf 89' lang='lat' dir='ltr'>lauri,</span> 
     </span>
     <span class='ocr_line' id='line_1_10' title="bbox 534 2169 2393 2260; baseline 0.002 -22.905"><span class='ocrx_word' id='word_1_86' title='bbox 534 2175 570 2239; x_wconf 91' lang='lat' dir='ltr'>et</span> <span class='ocrx_word' id='word_1_87' title='bbox 594 2191 657 2258; x_wconf 89' lang='lat' dir='ltr'>per</span> <span class='ocrx_word' id='word_1_88' title='bbox 680 2169 831 2239; x_wconf 87' lang='lat' dir='ltr'>dibersis</span> <span class='ocrx_word' id='word_1_89' title='bbox 854 2171 937 2240; x_wconf 90' lang='lat' dir='ltr'>aliis</span> <span class='ocrx_word' id='word_1_90' title='bbox 961 2171 1060 2248; x_wconf 91' lang='lat' dir='ltr'>locis,</span> <span class='ocrx_word' id='word_1_91' title='bbox 1086 2191 1191 2260; x_wconf 87' lang='lat' dir='ltr'>quem</span> <span class='ocrx_word' id='word_1_92' title='bbox 1222 2172 1350 2240; x_wconf 87' lang='lat' dir='ltr'>isdicta</span> <span class='ocrx_word' id='word_1_93' title='bbox 1374 2176 1474 2240; x_wconf 90' lang='lat' dir='ltr'>terra</span> <span class='ocrx_word' id='word_1_94' title='bbox 1505 2191 1550 2240; x_wconf 84' lang='lat' dir='ltr'>ex</span> <span class='ocrx_word' id='word_1_95' title='bbox 1567 2171 1726 2260; x_wconf 89' lang='lat' dir='ltr'>predicto</span> <span class='ocrx_word' id='word_1_96' title='bbox 1750 2173 1950 2260; x_wconf 85' lang='lat' dir='ltr'>genitorem</span> <span class='ocrx_word' id='word_1_97' title='bbox 1966 2192 2082 2240; x_wconf 89' lang='lat' dir='ltr'>meum</span> <span class='ocrx_word' id='word_1_98' title='bbox 2109 2172 2218 2240; x_wconf 90' lang='lat' dir='ltr'>michi</span> <span class='ocrx_word' id='word_1_99' title='bbox 2236 2176 2393 2260; x_wconf 86' lang='lat' dir='ltr'>estper-</span> 
     </span>
     <span class='ocr_line' id='line_1_11' title="bbox 539 2292 2480 2419; baseline 0.003 -29"><span class='ocrx_word' id='word_1_100' title='bbox 539 2325 728 2392; x_wconf 79' lang='lat' dir='ltr'>timentem.</span> <span class='ocrx_word' id='word_1_101' title='bbox 754 2325 829 2392; x_wconf 92' lang='lat' dir='ltr'>Nuc</span> <span class='ocrx_word' id='word_1_102' title='bbox 854 2327 977 2392; x_wconf 88' lang='lat' dir='ltr'>autem</span> <span class='ocrx_word' id='word_1_103' title='bbox 1002 2343 1067 2411; x_wconf 91' lang='lat' dir='ltr'>pro</span> <span class='ocrx_word' id='word_1_104' title='bbox 1090 2324 1179 2391; x_wconf 92' lang='lat' dir='ltr'>meis</span> <span class='ocrx_word' id='word_1_105' title='bbox 1203 2324 1422 2392; x_wconf 86' lang='lat' dir='ltr'>utilitatibus</span> <span class='ocrx_word' id='word_1_106' title='bbox 1445 2292 1699 2412; x_wconf 83' lang='lat' dir='ltr'>perficiendum</span> <span class='ocrx_word' id='word_1_107' title='bbox 1724 2325 1848 2394; x_wconf 88' lang='lat' dir='ltr'>eadem</span> <span class='ocrx_word' id='word_1_108' title='bbox 1873 2325 2035 2412; x_wconf 88' lang='lat' dir='ltr'>predicta</span> <span class='ocrx_word' id='word_1_109' title='bbox 2057 2329 2155 2393; x_wconf 85' lang='lat' dir='ltr'>terra</span> <span class='ocrx_word' id='word_1_110' title='bbox 2178 2325 2286 2394; x_wconf 90' lang='lat' dir='ltr'>michi</span> <span class='ocrx_word' id='word_1_111' title='bbox 2315 2326 2392 2395; x_wconf 93' lang='lat' dir='ltr'>vin·</span> <span class='ocrx_word' id='word_1_112' title='bbox 2476 2413 2480 2419; x_wconf 25' lang='grc' dir='ltr'>Ι</span> 
     </span>
     <span class='ocr_line' id='line_1_12' title="bbox 540 2476 2393 2566; baseline 0.002 -22"><span class='ocrx_word' id='word_1_113' title='bbox 540 2479 846 2566; x_wconf 78' lang='lat' dir='ltr'>derecongruum</span> <span class='ocrx_word' id='word_1_114' title='bbox 872 2482 939 2554; x_wconf 88' lang='lat' dir='ltr'>cst,</span> <span class='ocrx_word' id='word_1_115' title='bbox 965 2481 1002 2544; x_wconf 86' lang='lat' dir='ltr'>et</span> <span class='ocrx_word' id='word_1_116' title='bbox 1024 2479 1155 2546; x_wconf 89' lang='lat' dir='ltr'>exinde</span> <span class='ocrx_word' id='word_1_117' title='bbox 1180 2497 1260 2545; x_wconf 91' lang='lat' dir='ltr'>mea</span> <span class='ocrx_word' id='word_1_118' title='bbox 1283 2478 1510 2565; x_wconf 83' lang='lat' dir='ltr'>congruitate</span> <span class='ocrx_word' id='word_1_119' title='bbox 1533 2479 1797 2566; x_wconf 85' lang='lat' dir='ltr'>perficiendum.</span> <span class='ocrx_word' id='word_1_120' title='bbox 1823 2481 2057 2566; x_wconf 82' lang='lat' dir='ltr'>Quapropter,</span> <span class='ocrx_word' id='word_1_121' title='bbox 2072 2478 2155 2546; x_wconf 94' lang='lat' dir='ltr'>dum</span> <span class='ocrx_word' id='word_1_122' title='bbox 2181 2476 2287 2547; x_wconf 91' lang='lat' dir='ltr'>michi</span> <span class='ocrx_word' id='word_1_123' title='bbox 2311 2499 2393 2548; x_wconf 89' lang='lat' dir='ltr'>cou-</span> 
     </span>
     <span class='ocr_line' id='line_1_13' title="bbox 537 2628 2391 2720; baseline -0.001 -21"><span class='ocrx_word' id='word_1_124' title='bbox 537 2651 666 2718; x_wconf 81' lang='lat' dir='ltr'>gruum</span> <span class='ocrx_word' id='word_1_125' title='bbox 691 2635 728 2700; x_wconf 92' lang='lat' dir='ltr'>et</span> <span class='ocrx_word' id='word_1_126' title='bbox 751 2635 874 2720; x_wconf 90' lang='lat' dir='ltr'>aptum</span> <span class='ocrx_word' id='word_1_127' title='bbox 899 2650 976 2700; x_wconf 91' lang='lat' dir='ltr'>esse</span> <span class='ocrx_word' id='word_1_128' title='bbox 1000 2631 1155 2708; x_wconf 90' lang='lat' dir='ltr'>videtur,</span> <span class='ocrx_word' id='word_1_129' title='bbox 1181 2650 1273 2699; x_wconf 84' lang='lat' dir='ltr'>vona</span> <span class='ocrx_word' id='word_1_130' title='bbox 1296 2630 1428 2698; x_wconf 89' lang='lat' dir='ltr'>etenim</span> <span class='ocrx_word' id='word_1_131' title='bbox 1452 2651 1533 2699; x_wconf 88' lang='lat' dir='ltr'>mea</span> <span class='ocrx_word' id='word_1_132' title='bbox 1556 2633 1739 2700; x_wconf 87' lang='lat' dir='ltr'>voluntate</span> <span class='ocrx_word' id='word_1_133' title='bbox 1761 2650 1826 2719; x_wconf 89' lang='lat' dir='ltr'>per</span> <span class='ocrx_word' id='word_1_134' title='bbox 1848 2631 1942 2699; x_wconf 90' lang='lat' dir='ltr'>banc</span> <span class='ocrx_word' id='word_1_135' title='bbox 1966 2650 2106 2718; x_wconf 91' lang='lat' dir='ltr'>quoque</span> <span class='ocrx_word' id='word_1_136' title='bbox 2130 2628 2297 2700; x_wconf 89' lang='lat' dir='ltr'>videlicet</span> <span class='ocrx_word' id='word_1_137' title='bbox 2312 2651 2391 2700; x_wconf 89' lang='lat' dir='ltr'>car-</span> 
     </span>
     <span class='ocr_line' id='line_1_14' title="bbox 529 2785 2390 2892; baseline 0.001 -39"><span class='ocrx_word' id='word_1_138' title='bbox 529 2790 643 2855; x_wconf 91' lang='lat' dir='ltr'>tulam</span> <span class='ocrx_word' id='word_1_139' title='bbox 668 2785 893 2854; x_wconf 84' lang='lat' dir='ltr'>vindedimus</span> <span class='ocrx_word' id='word_1_140' title='bbox 916 2786 982 2855; x_wconf 87' lang='lat' dir='ltr'>tivi</span> <span class='ocrx_word' id='word_1_141' title='bbox 1006 2787 1107 2854; x_wconf 90' lang='lat' dir='ltr'>cuius</span> <span class='ocrx_word' id='word_1_142' title='bbox 1131 2785 1225 2853; x_wconf 91' lang='lat' dir='ltr'>dicto</span> <span class='ocrx_word' id='word_1_143' title='bbox 1241 2785 1448 2876; x_wconf 46' lang='lat' dir='ltr'>‚grimoaldo</span> <span class='ocrx_word' id='word_1_144' title='bbox 1476 2785 1533 2853; x_wconf 92' lang='lat' dir='ltr'>dei</span> <span class='ocrx_word' id='word_1_145' title='bbox 1549 2789 1639 2854; x_wconf 91' lang='lat' dir='ltr'>nutu</span> <span class='ocrx_word' id='word_1_146' title='bbox 1664 2787 1795 2855; x_wconf 84' lang='lat' dir='ltr'>Abbati</span> <span class='ocrx_word' id='word_1_147' title='bbox 1811 2805 1857 2853; x_wconf 84' lang='lat' dir='ltr'>ex</span> <span class='ocrx_word' id='word_1_148' title='bbox 1874 2785 2027 2853; x_wconf 88' lang='lat' dir='ltr'>ecclesia</span> <span class='ocrx_word' id='word_1_149' title='bbox 2049 2787 2165 2854; x_wconf 88' lang='lat' dir='ltr'>sancti</span> <span class='ocrx_word' id='word_1_150' title='bbox 2188 2786 2304 2892; x_wconf 90' lang='lat' dir='ltr'>iacobi</span> <span class='ocrx_word' id='word_1_151' title='bbox 2327 2789 2390 2854; x_wconf 91' lang='lat' dir='ltr'>ha·</span> 
     </span>
     <span class='ocr_line' id='line_1_15' title="bbox 540 2939 2389 3045; baseline 0 -37"><span class='ocrx_word' id='word_1_152' title='bbox 540 2941 667 3027; x_wconf 87' lang='lat' dir='ltr'>postoli</span> <span class='ocrx_word' id='word_1_153' title='bbox 691 2960 760 3028; x_wconf 89' lang='lat' dir='ltr'>que</span> <span class='ocrx_word' id='word_1_154' title='bbox 782 2941 849 3008; x_wconf 89' lang='lat' dir='ltr'>sita</span> <span class='ocrx_word' id='word_1_155' title='bbox 876 2943 931 3008; x_wconf 88' lang='lat' dir='ltr'>est</span> <span class='ocrx_word' id='word_1_156' title='bbox 954 2941 993 3008; x_wconf 91' lang='lat' dir='ltr'>in</span> <span class='ocrx_word' id='word_1_157' title='bbox 1017 2940 1115 3007; x_wconf 87' lang='lat' dir='ltr'>lama</span> <span class='ocrx_word' id='word_1_158' title='bbox 1138 2959 1229 3026; x_wconf 92' lang='lat' dir='ltr'>cupa</span> <span class='ocrx_word' id='word_1_159' title='bbox 1252 2939 1331 3025; x_wconf 89' lang='lat' dir='ltr'>ipsa</span> <span class='ocrx_word' id='word_1_160' title='bbox 1355 2939 1566 3034; x_wconf 72' lang='lat' dir='ltr'>supradicta</span> <span class='ocrx_word' id='word_1_161' title='bbox 1590 2943 1714 3017; x_wconf 88' lang='lat' dir='ltr'>terre,</span> <span class='ocrx_word' id='word_1_162' title='bbox 1749 2960 1817 3045; x_wconf 90' lang='lat' dir='ltr'>que</span> <span class='ocrx_word' id='word_1_163' title='bbox 1840 2939 2006 3027; x_wconf 88' lang='lat' dir='ltr'>superius</span> <span class='ocrx_word' id='word_1_164' title='bbox 2029 2939 2262 3026; x_wconf 83' lang='lat' dir='ltr'>patefecimus</span> <span class='ocrx_word' id='word_1_165' title='bbox 2285 2940 2389 3010; x_wconf 89' lang='lat' dir='ltr'>nobis</span> 
     </span>
     <span class='ocr_line' id='line_1_16' title="bbox 534 3079 2388 3182; baseline 0 -21"><span class='ocrx_word' id='word_1_166' title='bbox 534 3113 610 3162; x_wconf 85' lang='lat' dir='ltr'>esse</span> <span class='ocrx_word' id='word_1_167' title='bbox 634 3095 890 3182; x_wconf 87' lang='lat' dir='ltr'>pertinentem:</span> <span class='ocrx_word' id='word_1_168' title='bbox 911 3105 987 3181; x_wconf 85' lang='lat' dir='ltr'>&#39;que</span> <span class='ocrx_word' id='word_1_169' title='bbox 1010 3079 1095 3162; x_wconf 90' lang='lat' dir='ltr'>abet</span> <span class='ocrx_word' id='word_1_170' title='bbox 1117 3094 1204 3160; x_wconf 87' lang='lat' dir='ltr'>fines</span> <span class='ocrx_word' id='word_1_171' title='bbox 1228 3092 1271 3159; x_wconf 90' lang='lat' dir='ltr'>de</span> <span class='ocrx_word' id='word_1_172' title='bbox 1295 3091 1412 3180; x_wconf 88' lang='lat' dir='ltr'>prima</span> <span class='ocrx_word' id='word_1_173' title='bbox 1435 3110 1543 3179; x_wconf 92' lang='lat' dir='ltr'>pars,</span> <span class='ocrx_word' id='word_1_174' title='bbox 1577 3091 1669 3180; x_wconf 92' lang='lat' dir='ltr'>quod</span> <span class='ocrx_word' id='word_1_175' title='bbox 1691 3093 1746 3160; x_wconf 88' lang='lat' dir='ltr'>est</span> <span class='ocrx_word' id='word_1_176' title='bbox 1768 3095 1817 3160; x_wconf 89' lang='lat' dir='ltr'>ha</span> <span class='ocrx_word' id='word_1_177' title='bbox 1848 3089 1963 3158; x_wconf 90' lang='lat' dir='ltr'>medio</span> <span class='ocrx_word' id='word_1_178' title='bbox 1987 3091 2101 3160; x_wconf 91' lang='lat' dir='ltr'>limite</span> <span class='ocrx_word' id='word_1_179' title='bbox 2127 3095 2165 3158; x_wconf 89' lang='lat' dir='ltr'>ct</span> <span class='ocrx_word' id='word_1_180' title='bbox 2188 3092 2265 3179; x_wconf 90' lang='lat' dir='ltr'>ipsa</span> <span class='ocrx_word' id='word_1_181' title='bbox 2289 3097 2388 3161; x_wconf 90' lang='lat' dir='ltr'>terra</span> 
     </span>
     <span class='ocr_line' id='line_1_17' title="bbox 476 3245 2387 3336; baseline -0.003 -19"><span class='ocrx_word' id='word_1_182' title='bbox 476 3297 480 3306; x_wconf 92' lang='lat'>.</span> <span class='ocrx_word' id='word_1_183' title='bbox 530 3249 647 3317; x_wconf 88' lang='lat' dir='ltr'>sancti</span> <span class='ocrx_word' id='word_1_184' title='bbox 671 3248 801 3326; x_wconf 90' lang='lat' dir='ltr'>iacobi,</span> <span class='ocrx_word' id='word_1_185' title='bbox 827 3248 911 3316; x_wconf 90' lang='lat' dir='ltr'>inde</span> <span class='ocrx_word' id='word_1_186' title='bbox 935 3252 1019 3316; x_wconf 90' lang='lat' dir='ltr'>sunt</span> <span class='ocrx_word' id='word_1_187' title='bbox 1041 3247 1137 3336; x_wconf 88' lang='lat' dir='ltr'>passi</span> <span class='ocrx_word' id='word_1_188' title='bbox 1160 3247 1429 3334; x_wconf 82' lang='lat' dir='ltr'>quaddraginta</span> <span class='ocrx_word' id='word_1_189' title='bbox 1452 3250 1489 3314; x_wconf 88' lang='lat' dir='ltr'>et</span> <span class='ocrx_word' id='word_1_190' title='bbox 1511 3265 1588 3315; x_wconf 83' lang='lat' dir='ltr'>sex:</span> <span class='ocrx_word' id='word_1_191' title='bbox 1614 3247 1658 3314; x_wconf 92' lang='lat' dir='ltr'>de</span> <span class='ocrx_word' id='word_1_192' title='bbox 1681 3247 1837 3316; x_wconf 90' lang='lat' dir='ltr'>secundo</span> <span class='ocrx_word' id='word_1_193' title='bbox 1860 3245 2002 3314; x_wconf 88' lang='lat' dir='ltr'>scilicet</span> <span class='ocrx_word' id='word_1_194' title='bbox 2016 3247 2138 3334; x_wconf 89' lang='lat' dir='ltr'>kapite</span> <span class='ocrx_word' id='word_1_195' title='bbox 2154 3247 2247 3333; x_wconf 90' lang='lat' dir='ltr'>quod</span> <span class='ocrx_word' id='word_1_196' title='bbox 2270 3252 2325 3314; x_wconf 90' lang='lat' dir='ltr'>est</span> <span class='ocrx_word' id='word_1_197' title='bbox 2340 3264 2387 3314; x_wconf 90' lang='lat' dir='ltr'>av</span> 
     </span>
     <span class='ocr_line' id='line_1_18' title="bbox 530 3399 2388 3490; baseline -0.001 -20"><span class='ocrx_word' id='word_1_198' title='bbox 530 3403 609 3489; x_wconf 90' lang='lat' dir='ltr'>ipsa</span> <span class='ocrx_word' id='word_1_199' title='bbox 632 3404 691 3472; x_wconf 87' lang='lat' dir='ltr'>via</span> <span class='ocrx_word' id='word_1_200' title='bbox 714 3399 857 3489; x_wconf 90' lang='lat' dir='ltr'>publica</span> <span class='ocrx_word' id='word_1_201' title='bbox 882 3404 964 3471; x_wconf 89' lang='lat' dir='ltr'>inde</span> <span class='ocrx_word' id='word_1_202' title='bbox 987 3407 1072 3470; x_wconf 90' lang='lat' dir='ltr'>sunt</span> <span class='ocrx_word' id='word_1_203' title='bbox 1095 3403 1190 3490; x_wconf 89' lang='lat' dir='ltr'>passi</span> <span class='ocrx_word' id='word_1_204' title='bbox 1215 3402 1370 3488; x_wconf 83' lang='lat' dir='ltr'>triginta</span> <span class='ocrx_word' id='word_1_205' title='bbox 1392 3403 1538 3468; x_wconf 86' lang='lat' dir='ltr'>ettrcs:</span> <span class='ocrx_word' id='word_1_206' title='bbox 1563 3401 1607 3468; x_wconf 92' lang='lat' dir='ltr'>de</span> <span class='ocrx_word' id='word_1_207' title='bbox 1630 3402 1739 3470; x_wconf 90' lang='lat' dir='ltr'>tertio</span> <span class='ocrx_word' id='word_1_208' title='bbox 1763 3404 1885 3470; x_wconf 90' lang='lat' dir='ltr'>autem</span> <span class='ocrx_word' id='word_1_209' title='bbox 1908 3403 2022 3469; x_wconf 85' lang='lat' dir='ltr'>latere</span> <span class='ocrx_word' id='word_1_210' title='bbox 2038 3420 2060 3468; x_wconf 91' lang='lat' dir='ltr'>a</span> <span class='ocrx_word' id='word_1_211' title='bbox 2076 3400 2191 3468; x_wconf 86' lang='lat' dir='ltr'>medio</span> <span class='ocrx_word' id='word_1_212' title='bbox 2214 3401 2335 3468; x_wconf 88' lang='lat' dir='ltr'>limite</span> <span class='ocrx_word' id='word_1_213' title='bbox 2351 3405 2388 3468; x_wconf 92' lang='lat' dir='ltr'>et</span> 
     </span>
     <span class='ocr_line' id='line_1_19' title="bbox 528 3555 2402 3644; baseline -0.001 -20"><span class='ocrx_word' id='word_1_214' title='bbox 528 3558 607 3644; x_wconf 89' lang='lat' dir='ltr'>ipsa</span> <span class='ocrx_word' id='word_1_215' title='bbox 630 3562 730 3626; x_wconf 90' lang='lat' dir='ltr'>terra</span> <span class='ocrx_word' id='word_1_216' title='bbox 753 3559 920 3627; x_wconf 89' lang='lat' dir='ltr'>iohannis</span> <span class='ocrx_word' id='word_1_217' title='bbox 943 3558 1008 3626; x_wconf 87' lang='lat' dir='ltr'>lilii</span> <span class='ocrx_word' id='word_1_218' title='bbox 1033 3558 1161 3632; x_wconf 73' lang='lat' dir='ltr'>rotfrit,</span> <span class='ocrx_word' id='word_1_219' title='bbox 1188 3559 1270 3625; x_wconf 90' lang='lat' dir='ltr'>inde</span> <span class='ocrx_word' id='word_1_220' title='bbox 1294 3560 1378 3625; x_wconf 90' lang='lat' dir='ltr'>sunt</span> <span class='ocrx_word' id='word_1_221' title='bbox 1401 3556 1441 3625; x_wconf 92' lang='lat' dir='ltr'>in</span> <span class='ocrx_word' id='word_1_222' title='bbox 1463 3557 1650 3644; x_wconf 83' lang='lat' dir='ltr'>longitudo</span> <span class='ocrx_word' id='word_1_223' title='bbox 1673 3557 1769 3644; x_wconf 84' lang='lat' dir='ltr'>passi</span> <span class='ocrx_word' id='word_1_224' title='bbox 1792 3555 2002 3643; x_wconf 82' lang='lat' dir='ltr'>sexsagiuta</span> <span class='ocrx_word' id='word_1_225' title='bbox 2024 3559 2061 3622; x_wconf 92' lang='lat' dir='ltr'>et</span> <span class='ocrx_word' id='word_1_226' title='bbox 2084 3559 2170 3622; x_wconf 89' lang='lat' dir='ltr'>tres:</span> <span class='ocrx_word' id='word_1_227' title='bbox 2192 3555 2236 3624; x_wconf 91' lang='lat' dir='ltr'>de</span> <span class='ocrx_word' id='word_1_228' title='bbox 2257 3559 2402 3642; x_wconf 82' lang='lat' dir='ltr'>quarto.</span> 
     </span>
     <span class='ocr_line' id='line_1_20' title="bbox 528 3709 2383 3800; baseline -0.003 -20"><span class='ocrx_word' id='word_1_229' title='bbox 528 3717 647 3780; x_wconf 88' lang='lat' dir='ltr'>autem</span> <span class='ocrx_word' id='word_1_230' title='bbox 673 3711 797 3800; x_wconf 85' lang='lat' dir='ltr'>kapite</span> <span class='ocrx_word' id='word_1_231' title='bbox 819 3716 856 3780; x_wconf 90' lang='lat' dir='ltr'>et</span> <span class='ocrx_word' id='word_1_232' title='bbox 879 3713 994 3781; x_wconf 91' lang='lat' dir='ltr'>medio</span> <span class='ocrx_word' id='word_1_233' title='bbox 1017 3714 1132 3781; x_wconf 91' lang='lat' dir='ltr'>limite</span> <span class='ocrx_word' id='word_1_234' title='bbox 1148 3717 1184 3780; x_wconf 92' lang='lat' dir='ltr'>et</span> <span class='ocrx_word' id='word_1_235' title='bbox 1207 3713 1314 3781; x_wconf 73' lang='lat' dir='ltr'>vinea</span> <span class='ocrx_word' id='word_1_236' title='bbox 1337 3710 1528 3779; x_wconf 87' lang='lat' dir='ltr'>benedicti:</span> <span class='ocrx_word' id='word_1_237' title='bbox 1541 3709 1708 3778; x_wconf 88' lang='lat' dir='ltr'>similiter</span> <span class='ocrx_word' id='word_1_238' title='bbox 1722 3712 1759 3776; x_wconf 92' lang='lat' dir='ltr'>et</span> <span class='ocrx_word' id='word_1_239' title='bbox 1781 3711 1860 3798; x_wconf 87' lang='lat' dir='ltr'>ipsa</span> <span class='ocrx_word' id='word_1_240' title='bbox 1883 3714 1983 3778; x_wconf 88' lang='lat' dir='ltr'>terra</span> <span class='ocrx_word' id='word_1_241' title='bbox 2005 3709 2121 3778; x_wconf 89' lang='lat' dir='ltr'>sancti</span> <span class='ocrx_word' id='word_1_242' title='bbox 2150 3709 2278 3788; x_wconf 89' lang='lat' dir='ltr'>iacobi,</span> <span class='ocrx_word' id='word_1_243' title='bbox 2295 3709 2383 3778; x_wconf 89' lang='lat' dir='ltr'>inde</span> 
     </span>
     <span class='ocr_line' id='line_1_21' title="bbox 528 3834 2385 3955; baseline 0 -25"><span class='ocrx_word' id='word_1_244' title='bbox 528 3867 610 3932; x_wconf 88' lang='lat' dir='ltr'>sunt</span> <span class='ocrx_word' id='word_1_245' title='bbox 634 3834 745 3955; x_wconf 59' lang='lat' dir='ltr'>uscue</span> <span class='ocrx_word' id='word_1_246' title='bbox 761 3867 800 3934; x_wconf 93' lang='lat' dir='ltr'>in</span> <span class='ocrx_word' id='word_1_247' title='bbox 815 3867 955 3953; x_wconf 88' lang='lat' dir='ltr'>priores</span> <span class='ocrx_word' id='word_1_248' title='bbox 970 3867 1057 3934; x_wconf 89' lang='lat' dir='ltr'>flues</span> <span class='ocrx_word' id='word_1_249' title='bbox 1081 3885 1230 3935; x_wconf 89' lang='lat' dir='ltr'>numero</span> <span class='ocrx_word' id='word_1_250' title='bbox 1254 3867 1349 3953; x_wconf 87' lang='lat' dir='ltr'>passi</span> <span class='ocrx_word' id='word_1_251' title='bbox 1367 3866 1497 3952; x_wconf 79' lang='lat' dir='ltr'>viginti</span> <span class='ocrx_word' id='word_1_252' title='bbox 1520 3868 1669 3950; x_wconf 90' lang='lat' dir='ltr'>septem.</span> <span class='ocrx_word' id='word_1_253' title='bbox 1687 3867 1784 3932; x_wconf 90' lang='lat' dir='ltr'>lnter</span> <span class='ocrx_word' id='word_1_254' title='bbox 1800 3865 1868 3932; x_wconf 88' lang='lat' dir='ltr'>iste</span> <span class='ocrx_word' id='word_1_255' title='bbox 1890 3882 2045 3952; x_wconf 90' lang='lat' dir='ltr'>namquo</span> <span class='ocrx_word' id='word_1_256' title='bbox 2067 3863 2150 3932; x_wconf 87' lang='lat' dir='ltr'>fluis</span> <span class='ocrx_word' id='word_1_257' title='bbox 2172 3868 2385 3933; x_wconf 90' lang='lat' dir='ltr'>etmensure</span> 
     </span>
     <span class='ocr_line' id='line_1_22' title="bbox 531 4001 2384 4110; baseline 0.001 -22"><span class='ocrx_word' id='word_1_258' title='bbox 531 4039 600 4107; x_wconf 89' lang='lat' dir='ltr'>que</span> <span class='ocrx_word' id='word_1_259' title='bbox 623 4021 787 4108; x_wconf 90' lang='lat' dir='ltr'>superius</span> <span class='ocrx_word' id='word_1_260' title='bbox 811 4021 974 4089; x_wconf 89' lang='lat' dir='ltr'>cernitur</span> <span class='ocrx_word' id='word_1_261' title='bbox 990 4025 1027 4089; x_wconf 93' lang='lat' dir='ltr'>et</span> <span class='ocrx_word' id='word_1_262' title='bbox 1042 4023 1177 4109; x_wconf 84' lang='lat' dir='ltr'>legitur</span> <span class='ocrx_word' id='word_1_263' title='bbox 1192 4023 1235 4090; x_wconf 92' lang='lat' dir='ltr'>de</span> <span class='ocrx_word' id='word_1_264' title='bbox 1251 4022 1320 4089; x_wconf 87' lang='lat' dir='ltr'>line</span> <span class='ocrx_word' id='word_1_265' title='bbox 1339 4025 1377 4088; x_wconf 92' lang='lat' dir='ltr'>in</span> <span class='ocrx_word' id='word_1_266' title='bbox 1399 4023 1481 4098; x_wconf 88' lang='lat' dir='ltr'>dne,</span> <span class='ocrx_word' id='word_1_267' title='bbox 1508 4025 1683 4108; x_wconf 90' lang='lat' dir='ltr'>quantum</span> <span class='ocrx_word' id='word_1_268' title='bbox 1707 4019 1803 4088; x_wconf 86' lang='lat' dir='ltr'>inira</span> <span class='ocrx_word' id='word_1_269' title='bbox 1818 4001 2017 4089; x_wconf 88' lang='lat' dir='ltr'>claustrum</span> <span class='ocrx_word' id='word_1_270' title='bbox 2041 4023 2096 4089; x_wconf 89' lang='lat' dir='ltr'>est</span> <span class='ocrx_word' id='word_1_271' title='bbox 2118 4023 2155 4088; x_wconf 90' lang='lat' dir='ltr'>et</span> <span class='ocrx_word' id='word_1_272' title='bbox 2177 4041 2241 4110; x_wconf 89' lang='lat' dir='ltr'>per</span> <span class='ocrx_word' id='word_1_273' title='bbox 2262 4025 2384 4109; x_wconf 84' lang='lat' dir='ltr'>girum</span> 
     </span>
     <span class='ocr_line' id='line_1_23' title="bbox 528 4174 2384 4263; baseline 0.001 -23"><span class='ocrx_word' id='word_1_274' title='bbox 528 4177 788 4254; x_wconf 88' lang='lat' dir='ltr'>mensuratum,</span> <span class='ocrx_word' id='word_1_275' title='bbox 806 4174 900 4242; x_wconf 90' lang='lat' dir='ltr'>unde</span> <span class='ocrx_word' id='word_1_276' title='bbox 916 4194 981 4243; x_wconf 90' lang='lat' dir='ltr'>nec</span> <span class='ocrx_word' id='word_1_277' title='bbox 997 4176 1097 4243; x_wconf 90' lang='lat' dir='ltr'>nobis</span> <span class='ocrx_word' id='word_1_278' title='bbox 1114 4193 1229 4263; x_wconf 87' lang='lat' dir='ltr'>neque</span> <span class='ocrx_word' id='word_1_279' title='bbox 1245 4175 1290 4242; x_wconf 90' lang='lat' dir='ltr'>ad</span> <span class='ocrx_word' id='word_1_280' title='bbox 1306 4175 1472 4243; x_wconf 86' lang='lat' dir='ltr'>eredibus</span> <span class='ocrx_word' id='word_1_281' title='bbox 1488 4175 1633 4254; x_wconf 75' lang='lat' dir='ltr'>nostrie,</span> <span class='ocrx_word' id='word_1_282' title='bbox 1661 4194 1775 4262; x_wconf 88' lang='lat' dir='ltr'>neque</span> <span class='ocrx_word' id='word_1_283' title='bbox 1799 4177 1969 4262; x_wconf 81' lang='lat' dir='ltr'>quantula</span> <span class='ocrx_word' id='word_1_284' title='bbox 1994 4177 2099 4242; x_wconf 83' lang='lat' dir='ltr'>uxori</span> <span class='ocrx_word' id='word_1_285' title='bbox 2117 4179 2250 4259; x_wconf 85' lang='lat' dir='ltr'>nostre,</span> <span class='ocrx_word' id='word_1_286' title='bbox 2269 4194 2384 4263; x_wconf 88' lang='lat' dir='ltr'>neque</span> 
     </span>
    </p>
   </div>
   <div class='ocr_carea' id='block_1_5' title="bbox 526 4329 2383 4435">
    <p class='ocr_par' dir='ltr' id='par_1_5' title="bbox 526 4329 2383 4435">
     <span class='ocr_line' id='line_1_24' title="bbox 526 4329 2383 4435; baseline 0.001 -40"><span class='ocrx_word' id='word_1_287' title='bbox 526 4330 572 4396; x_wconf 90' lang='lat' dir='ltr'>ad</span> <span class='ocrx_word' id='word_1_288' title='bbox 596 4330 938 4435; x_wconf 83' lang='lat' dir='ltr'>nullumquempiam</span> <span class='ocrx_word' id='word_1_289' title='bbox 962 4331 1116 4398; x_wconf 88' lang='lat' dir='ltr'>ominem</span> <span class='ocrx_word' id='word_1_290' title='bbox 1133 4331 1181 4396; x_wconf 90' lang='lat' dir='ltr'>ibi</span> <span class='ocrx_word' id='word_1_291' title='bbox 1199 4329 1323 4416; x_wconf 89' lang='lat' dir='ltr'>aliqua</span> <span class='ocrx_word' id='word_1_292' title='bbox 1345 4329 1461 4415; x_wconf 90' lang='lat' dir='ltr'>portio</span> <span class='ocrx_word' id='word_1_293' title='bbox 1486 4329 1747 4397; x_wconf 88' lang='lat' dir='ltr'>reserbavimus</span> <span class='ocrx_word' id='word_1_294' title='bbox 1768 4329 1989 4418; x_wconf 89' lang='lat' dir='ltr'>requirendi,</span> <span class='ocrx_word' id='word_1_295' title='bbox 2008 4333 2048 4397; x_wconf 93' lang='lat' dir='ltr'>ut</span> <span class='ocrx_word' id='word_1_296' title='bbox 2063 4330 2220 4419; x_wconf 85' lang='lat' dir='ltr'>qualiter</span> <span class='ocrx_word' id='word_1_297' title='bbox 2234 4347 2273 4398; x_wconf 93' lang='lat' dir='ltr'>se</span> <span class='ocrx_word' id='word_1_298' title='bbox 2290 4329 2383 4397; x_wconf 88' lang='lat' dir='ltr'>iacet</span> 
     </span>
    </p>
   </div>
   <div class='ocr_carea' id='block_1_6' title="bbox 383 4479 2384 4569">
    <p class='ocr_par' dir='ltr' id='par_1_6' title="bbox 383 4479 2384 4569">
     <span class='ocr_line' id='line_1_25' title="bbox 383 4479 2384 4569; baseline 0.001 -21"><span class='ocrx_word' id='word_1_299' title='bbox 383 4479 390 4491; x_wconf 85' lang='lat'>‘</span> <span class='ocrx_word' id='word_1_300' title='bbox 528 4483 607 4569; x_wconf 90' lang='lat' dir='ltr'>ipsa</span> <span class='ocrx_word' id='word_1_301' title='bbox 624 4485 734 4561; x_wconf 90' lang='lat' dir='ltr'>terra,</span> <span class='ocrx_word' id='word_1_302' title='bbox 753 4501 922 4551; x_wconf 90' lang='lat' dir='ltr'>unacum</span> <span class='ocrx_word' id='word_1_303' title='bbox 939 4483 1066 4551; x_wconf 91' lang='lat' dir='ltr'>mediis</span> <span class='ocrx_word' id='word_1_304' title='bbox 1082 4483 1265 4557; x_wconf 79' lang='lat' dir='ltr'>limit²bus‚</span> <span class='ocrx_word' id='word_1_305' title='bbox 1284 4486 1417 4550; x_wconf 91' lang='lat' dir='ltr'>etcum</span> <span class='ocrx_word' id='word_1_306' title='bbox 1435 4482 1501 4550; x_wconf 90' lang='lat' dir='ltr'>biis</span> <span class='ocrx_word' id='word_1_307' title='bbox 1516 4483 1554 4549; x_wconf 92' lang='lat' dir='ltr'>et</span> <span class='ocrx_word' id='word_1_308' title='bbox 1569 4481 1700 4550; x_wconf 88' lang='lat' dir='ltr'>auditis</span> <span class='ocrx_word' id='word_1_309' title='bbox 1715 4483 1802 4558; x_wconf 88' lang='lat' dir='ltr'>suis,</span> <span class='ocrx_word' id='word_1_310' title='bbox 1827 4502 1907 4550; x_wconf 91' lang='lat' dir='ltr'>cum</span> <span class='ocrx_word' id='word_1_311' title='bbox 1932 4483 2006 4550; x_wconf 86' lang='lat' dir='ltr'>suis</span> <span class='ocrx_word' id='word_1_312' title='bbox 2029 4483 2193 4551; x_wconf 90' lang='lat' dir='ltr'>omnibus</span> <span class='ocrx_word' id='word_1_313' title='bbox 2209 4481 2384 4569; x_wconf 87' lang='lat' dir='ltr'>pertinen·</span> 
     </span>
    </p>
   </div>
   <div class='ocr_carea' id='block_1_7' title="bbox 447 4634 2383 5494">
    <p class='ocr_par' dir='ltr' id='par_1_7' title="bbox 447 4634 2383 5494">
     <span class='ocr_line' id='line_1_26' title="bbox 447 4634 2381 4730; baseline 0.005 -36"><span class='ocrx_word' id='word_1_314' title='bbox 447 4687 452 4694; x_wconf 91' lang='lat'>.</span> <span class='ocrx_word' id='word_1_315' title='bbox 527 4635 599 4730; x_wconf 83' lang='lat' dir='ltr'>tiis,</span> <span class='ocrx_word' id='word_1_316' title='bbox 613 4634 652 4701; x_wconf 90' lang='lat' dir='ltr'>in</span> <span class='ocrx_word' id='word_1_317' title='bbox 668 4635 852 4722; x_wconf 84' lang='lat' dir='ltr'>integrum</span> <span class='ocrx_word' id='word_1_318' title='bbox 868 4636 946 4722; x_wconf 89' lang='lat' dir='ltr'>ipsa</span> <span class='ocrx_word' id='word_1_319' title='bbox 962 4639 1062 4703; x_wconf 87' lang='lat' dir='ltr'>terra</span> <span class='ocrx_word' id='word_1_320' title='bbox 1079 4635 1300 4704; x_wconf 86' lang='lat' dir='ltr'>vindedimus</span> <span class='ocrx_word' id='word_1_321' title='bbox 1324 4635 1389 4703; x_wconf 83' lang='lat' dir='ltr'>tivi</span> <span class='ocrx_word' id='word_1_322' title='bbox 1405 4636 1602 4722; x_wconf 87' lang='lat' dir='ltr'>grimoaldo</span> <span class='ocrx_word' id='word_1_323' title='bbox 1626 4636 1748 4703; x_wconf 87' lang='lat' dir='ltr'>abbati</span> <span class='ocrx_word' id='word_1_324' title='bbox 1771 4638 1899 4705; x_wconf 90' lang='lat' dir='ltr'>emtori</span> <span class='ocrx_word' id='word_1_325' title='bbox 1911 4639 2031 4706; x_wconf 88' lang='lat' dir='ltr'>nostro</span> <span class='ocrx_word' id='word_1_326' title='bbox 2049 4637 2310 4724; x_wconf 83' lang='lat' dir='ltr'>possidendum.</span> <span class='ocrx_word' id='word_1_327' title='bbox 2323 4635 2381 4704; x_wconf 89' lang='lat' dir='ltr'>·de</span> 
     </span>
     <span class='ocr_line' id='line_1_27' title="bbox 527 4789 2381 4878; baseline 0.001 -23"><span class='ocrx_word' id='word_1_328' title='bbox 527 4808 596 4875; x_wconf 88' lang='lat' dir='ltr'>quo</span> <span class='ocrx_word' id='word_1_329' title='bbox 620 4809 684 4878; x_wconf 91' lang='lat' dir='ltr'>pro</span> <span class='ocrx_word' id='word_1_330' title='bbox 706 4789 1068 4858; x_wconf 89' lang='lat' dir='ltr'>constaviliscendam</span> <span class='ocrx_word' id='word_1_331' title='bbox 1084 4789 1150 4856; x_wconf 91' lang='lat' dir='ltr'>tivi</span> <span class='ocrx_word' id='word_1_332' title='bbox 1166 4789 1282 4876; x_wconf 88' lang='lat' dir='ltr'>adque</span> <span class='ocrx_word' id='word_1_333' title='bbox 1298 4789 1577 4857; x_wconf 81' lang='lat' dir='ltr'>confirmandam</span> <span class='ocrx_word' id='word_1_334' title='bbox 1594 4809 1662 4858; x_wconf 88' lang='lat' dir='ltr'>ano</span> <span class='ocrx_word' id='word_1_335' title='bbox 1678 4793 1837 4859; x_wconf 91' lang='lat' dir='ltr'>nostram</span> <span class='ocrx_word' id='word_1_336' title='bbox 1864 4791 2090 4859; x_wconf 87' lang='lat' dir='ltr'>vinditionern</span> <span class='ocrx_word' id='word_1_337' title='bbox 2119 4791 2300 4858; x_wconf 86' lang='lat' dir='ltr'>manifesti</span> <span class='ocrx_word' id='word_1_338' title='bbox 2321 4809 2381 4858; x_wconf 90' lang='lat' dir='ltr'>su-</span> 
     </span>
     <span class='ocr_line' id='line_1_28' title="bbox 526 4919 2383 5034; baseline 0.003 -28"><span class='ocrx_word' id='word_1_339' title='bbox 526 4959 617 5024; x_wconf 88' lang='lat' dir='ltr'>mus,</span> <span class='ocrx_word' id='word_1_340' title='bbox 637 4941 730 5027; x_wconf 90' lang='lat' dir='ltr'>quod</span> <span class='ocrx_word' id='word_1_341' title='bbox 746 4960 769 5009; x_wconf 91' lang='lat' dir='ltr'>a</span> <span class='ocrx_word' id='word_1_342' title='bbox 784 4943 950 5027; x_wconf 87' lang='lat' dir='ltr'>presente</span> <span class='ocrx_word' id='word_1_343' title='bbox 968 4941 1167 5027; x_wconf 89' lang='lat' dir='ltr'>recepimus</span> <span class='ocrx_word' id='word_1_344' title='bbox 1183 4961 1205 5010; x_wconf 91' lang='lat' dir='ltr'>a</span> <span class='ocrx_word' id='word_1_345' title='bbox 1222 4945 1257 5008; x_wconf 91' lang='lat' dir='ltr'>te</span> <span class='ocrx_word' id='word_1_346' title='bbox 1273 4931 1444 5034; x_wconf 82' lang='lat' dir='ltr'>amtorem</span> <span class='ocrx_word' id='word_1_347' title='bbox 1464 4945 1621 5010; x_wconf 89' lang='lat' dir='ltr'>nostrum</span> <span class='ocrx_word' id='word_1_348' title='bbox 1637 4942 1774 5011; x_wconf 90' lang='lat' dir='ltr'>duobus</span> <span class='ocrx_word' id='word_1_349' title='bbox 1798 4943 1930 5011; x_wconf 81' lang='lat' dir='ltr'>tari-ex</span> <span class='ocrx_word' id='word_1_350' title='bbox 1948 4962 2036 5010; x_wconf 88' lang='lat' dir='ltr'>auro</span> <span class='ocrx_word' id='word_1_351' title='bbox 2061 4919 2155 5019; x_wconf 53' lang='lat' dir='ltr'>&#39;voni</span> <span class='ocrx_word' id='word_1_352' title='bbox 2174 4927 2314 5010; x_wconf 85' lang='lat' dir='ltr'>linitum</span> <span class='ocrx_word' id='word_1_353' title='bbox 2330 4943 2383 5011; x_wconf 91' lang='lat' dir='ltr'>di·</span> 
     </span>
     <span class='ocr_line' id='line_1_29' title="bbox 524 5093 2381 5183; baseline 0.001 -23"><span class='ocrx_word' id='word_1_354' title='bbox 524 5093 641 5161; x_wconf 87' lang='lat' dir='ltr'>cimus</span> <span class='ocrx_word' id='word_1_355' title='bbox 664 5097 753 5180; x_wconf 89' lang='lat' dir='ltr'>aput</span> <span class='ocrx_word' id='word_1_356' title='bbox 769 5112 833 5162; x_wconf 90' lang='lat' dir='ltr'>nos</span> <span class='ocrx_word' id='word_1_357' title='bbox 859 5097 1041 5182; x_wconf 88' lang='lat' dir='ltr'>receptum</span> <span class='ocrx_word' id='word_1_358' title='bbox 1064 5099 1172 5164; x_wconf 89' lang='lat' dir='ltr'>abere</span> <span class='ocrx_word' id='word_1_359' title='bbox 1196 5095 1311 5183; x_wconf 88' lang='lat' dir='ltr'>ipsum</span> <span class='ocrx_word' id='word_1_360' title='bbox 1337 5097 1507 5183; x_wconf 89' lang='lat' dir='ltr'>pretium,</span> <span class='ocrx_word' id='word_1_361' title='bbox 1526 5115 1570 5164; x_wconf 90' lang='lat' dir='ltr'>ea</span> <span class='ocrx_word' id='word_1_362' title='bbox 1585 5095 1750 5164; x_wconf 86' lang='lat' dir='ltr'>videlicet</span> <span class='ocrx_word' id='word_1_363' title='bbox 1773 5095 1926 5172; x_wconf 88' lang='lat' dir='ltr'>ratione,</span> <span class='ocrx_word' id='word_1_364' title='bbox 1945 5099 1985 5162; x_wconf 88' lang='lat' dir='ltr'>ut</span> <span class='ocrx_word' id='word_1_365' title='bbox 2008 5095 2159 5162; x_wconf 89' lang='lat' dir='ltr'>hamodo</span> <span class='ocrx_word' id='word_1_366' title='bbox 2182 5099 2220 5162; x_wconf 89' lang='lat' dir='ltr'>et</span> <span class='ocrx_word' id='word_1_367' title='bbox 2240 5113 2381 5181; x_wconf 88' lang='lat' dir='ltr'>semper</span> 
     </span>
     <span class='ocr_line' id='line_1_30' title="bbox 526 5247 2380 5336; baseline 0.003 -22"><span class='ocrx_word' id='word_1_368' title='bbox 526 5247 648 5314; x_wconf 87' lang='lat' dir='ltr'>eadem</span> <span class='ocrx_word' id='word_1_369' title='bbox 662 5249 821 5315; x_wconf 90' lang='lat' dir='ltr'>nostram</span> <span class='ocrx_word' id='word_1_370' title='bbox 840 5248 1086 5326; x_wconf 90' lang='lat' dir='ltr'>vinditionem,</span> <span class='ocrx_word' id='word_1_371' title='bbox 1101 5253 1194 5317; x_wconf 90' lang='lat' dir='ltr'>siout</span> <span class='ocrx_word' id='word_1_372' title='bbox 1205 5269 1314 5335; x_wconf 90' lang='lat' dir='ltr'>supra</span> <span class='ocrx_word' id='word_1_373' title='bbox 1332 5249 1480 5336; x_wconf 85' lang='lat' dir='ltr'>legitur,</span> <span class='ocrx_word' id='word_1_374' title='bbox 1499 5252 1606 5318; x_wconf 87' lang='lat' dir='ltr'>abere</span> <span class='ocrx_word' id='word_1_375' title='bbox 1622 5253 1658 5317; x_wconf 91' lang='lat' dir='ltr'>et</span> <span class='ocrx_word' id='word_1_376' title='bbox 1673 5249 1853 5336; x_wconf 87' lang='lat' dir='ltr'>possidere</span> <span class='ocrx_word' id='word_1_377' title='bbox 1865 5249 2028 5318; x_wconf 88' lang='lat' dir='ltr'>habeatis</span> <span class='ocrx_word' id='word_1_378' title='bbox 2041 5253 2078 5318; x_wconf 94' lang='lat' dir='ltr'>et</span> <span class='ocrx_word' id='word_1_379' title='bbox 2092 5248 2235 5318; x_wconf 91' lang='lat' dir='ltr'>faciatis</span> <span class='ocrx_word' id='word_1_380' title='bbox 2249 5249 2380 5319; x_wconf 89' lang='lat' dir='ltr'>exinde</span> 
     </span>
     <span class='ocr_line' id='line_1_31' title="bbox 522 5399 2380 5494; baseline 0.002 -28"><span class='ocrx_word' id='word_1_381' title='bbox 522 5399 832 5485; x_wconf 87' lang='lat' dir='ltr'>quemammodum</span> <span class='ocrx_word' id='word_1_382' title='bbox 841 5402 907 5469; x_wconf 87' lang='lat' dir='ltr'>tivi</span> <span class='ocrx_word' id='word_1_383' title='bbox 920 5402 1061 5490; x_wconf 89' lang='lat' dir='ltr'>tuisque</span> <span class='ocrx_word' id='word_1_384' title='bbox 1073 5402 1315 5481; x_wconf 82' lang='lat' dir='ltr'>eredibus,vel</span> <span class='ocrx_word' id='word_1_385' title='bbox 1330 5403 1401 5470; x_wconf 90' lang='lat' dir='ltr'>tuis</span> <span class='ocrx_word' id='word_1_386' title='bbox 1413 5403 1667 5491; x_wconf 86' lang='lat' dir='ltr'>posterioribus</span> <span class='ocrx_word' id='word_1_387' title='bbox 1682 5404 1872 5494; x_wconf 81' lang='lat' dir='ltr'>placuerit.</span> <span class='ocrx_word' id='word_1_388' title='bbox 1885 5403 1984 5472; x_wconf 92' lang='lat' dir='ltr'>Unde</span> <span class='ocrx_word' id='word_1_389' title='bbox 1996 5403 2130 5491; x_wconf 82' lang='lat' dir='ltr'>guadia</span> <span class='ocrx_word' id='word_1_390' title='bbox 2141 5401 2206 5469; x_wconf 89' lang='lat' dir='ltr'>tivi</span> <span class='ocrx_word' id='word_1_391' title='bbox 2219 5401 2380 5470; x_wconf 89' lang='lat' dir='ltr'>dedimus</span> 
     </span>
    </p>
   </div>
   <div class='ocr_carea' id='block_1_8' title="bbox 525 5552 2381 5645">
    <p class='ocr_par' dir='ltr' id='par_1_8' title="bbox 525 5552 2381 5645">
     <span class='ocr_line' id='line_1_32' title="bbox 525 5552 2381 5645; baseline -0.001 -24"><span class='ocrx_word' id='word_1_392' title='bbox 525 5557 562 5621; x_wconf 90' lang='lat' dir='ltr'>et</span> <span class='ocrx_word' id='word_1_393' title='bbox 584 5552 816 5623; x_wconf 87' lang='lat' dir='ltr'>mediatorem</span> <span class='ocrx_word' id='word_1_394' title='bbox 841 5555 907 5624; x_wconf 87' lang='lat' dir='ltr'>tivi</span> <span class='ocrx_word' id='word_1_395' title='bbox 931 5558 1113 5644; x_wconf 89' lang='lat' dir='ltr'>posuimus</span> <span class='ocrx_word' id='word_1_396' title='bbox 1134 5559 1199 5643; x_wconf 88' lang='lat' dir='ltr'>syd</span> <span class='ocrx_word' id='word_1_397' title='bbox 1222 5557 1315 5626; x_wconf 85' lang='lat' dir='ltr'>filius</span> <span class='ocrx_word' id='word_1_398' title='bbox 1340 5557 1463 5625; x_wconf 90' lang='lat' dir='ltr'>sillicti</span> <span class='ocrx_word' id='word_1_399' title='bbox 1487 5557 1688 5645; x_wconf 87' lang='lat' dir='ltr'>presbiteri,</span> <span class='ocrx_word' id='word_1_400' title='bbox 1706 5559 1744 5624; x_wconf 90' lang='lat' dir='ltr'>et</span> <span class='ocrx_word' id='word_1_401' title='bbox 1765 5556 1968 5642; x_wconf 87' lang='lat' dir='ltr'>obligamus</span> <span class='ocrx_word' id='word_1_402' title='bbox 1992 5573 2055 5626; x_wconf 88' lang='lat' dir='ltr'>uos</span> <span class='ocrx_word' id='word_1_403' title='bbox 2070 5559 2115 5636; x_wconf 53' lang='lat' dir='ltr'>,et</span> <span class='ocrx_word' id='word_1_404' title='bbox 2138 5556 2276 5621; x_wconf 88' lang='lat' dir='ltr'>nostros</span> <span class='ocrx_word' id='word_1_405' title='bbox 2304 5571 2381 5622; x_wconf 90' lang='lat' dir='ltr'>ere-</span> 
     </span>
    </p>
   </div>
   <div class='ocr_carea' id='block_1_9' title="bbox 487 5768 1019 5850">
    <p class='ocr_par' dir='ltr' id='par_1_9' title="bbox 487 5768 1019 5850">
     <span class='ocr_line' id='line_1_33' title="bbox 487 5768 1019 5850; baseline 0.006 -22"><span class='ocrx_word' id='word_1_406' title='bbox 487 5785 490 5792; x_wconf 91' lang='lat'>·</span> <span class='ocrx_word' id='word_1_407' title='bbox 562 5768 585 5842; x_wconf 80' lang='lat'>¹)</span> <span class='ocrx_word' id='word_1_408' title='bbox 608 5768 697 5830; x_wconf 79' lang='lat' dir='ltr'>Anno</span> <span class='ocrx_word' id='word_1_409' title='bbox 719 5769 768 5829; x_wconf 84' lang='lat' dir='ltr'>xl</span> <span class='ocrx_word' id='word_1_410' title='bbox 791 5771 917 5850; x_wconf 84' lang='lat' dir='ltr'>imperii</span> <span class='ocrx_word' id='word_1_411' title='bbox 939 5771 1019 5832; x_wconf 88' lang='lat' dir='ltr'>eius.</span> 
     </span>
    </p>
   </div>
   <div class='ocr_carea' id='block_1_10' title="bbox 0 0 2704 7106">
    <p class='ocr_par' dir='ltr' id='par_1_10' title="bbox 0 0 2704 7106">
     <span class='ocr_line' id='line_1_34' title="bbox 0 0 2704 7106; baseline 0 4"><span class='ocrx_word' id='word_1_412' title='bbox 0 0 2704 7106; x_wconf 95' lang='lat' dir='ltr'> </span> 
     </span>
    </p>
   </div>
  </div>
 </body>
</html>
