5452 7108
625 489 671 574 lt
1259 487 1435 561 GODEX
1474 487 1730 564 elvensts

571 683 716 770 saginta
739 685 925 768 quactuor.
952 687 1083 769 quarta
1105 683 1209 770 pecia
1231 681 1351 769 ibique
1374 683 1413 751 in
1436 682 1558 752 eodem
1580 682 1668 759 loco,
1685 683 1743 751 ubi
1759 683 1942 770 palmento
1965 681 2108 760 dicitur,
2126 684 2181 748 est
2203 699 2267 768 per
2281 679 2362 748 linis
2386 681 2423 748 ct

576 855 773 904 mensuras:
799 854 822 902 a
844 838 948 923 parte
970 834 1234 904 sebtemtrionis
1257 837 1328 904 tine
1343 837 1403 904 via
1426 837 1568 924 publica
1591 855 1659 924 que
1675 837 1794 922 pergit
1816 836 1862 904 ad
1883 836 2048 914 stabiam,
2066 838 2150 904 sunt
2172 835 2255 904 inde
2270 833 2424 904 latitudo

571 989 667 1076 pessi
688 1007 775 1056 sex:
800 991 846 1057 ab
868 989 1049 1057 occidente
1072 990 1142 1057 fine
1165 989 1335 1058 similiter
1359 1009 1508 1079 meaque
1531 990 1660 1058 ibidem
1676 993 1842 1078 paratum
1866 993 1953 1058 abeo
1974 990 2022 1058 da
2048 989 2163 1077 pando
2185 989 2257 1057 filio
2275 991 2430 1059 romoal-

572 1145 628 1222 do,
646 1147 731 1212 sunt
753 1144 835 1212 inde
859 1145 954 1231 passi
977 1147 1220 1233 sebtuaginta:
1245 1164 1268 1213 a
1292 1145 1440 1214 meridie
1463 1147 1532 1213 line
1555 1147 1598 1214 de
1621 1145 1745 1214 eredes
1767 1145 1939 1224 ferrandi,
1953 1147 2037 1212 sunt
2059 1144 2141 1212 inde
2156 1145 2308 1213 latitudo
2332 1144 2428 1231 passi

573 1317 650 1367 sex:
676 1302 721 1366 ab
744 1299 881 1367 oriente
903 1301 973 1368 fine
996 1301 1039 1368 de
1063 1301 1284 1370 consortibus
1309 1301 1453 1378 nostris,
1478 1301 1561 1370 inde
1584 1302 1679 1389 passi
1702 1302 1746 1368 de
1768 1302 1952 1386 longitudo
1976 1300 2040 1368 alii
2063 1299 2304 1387 sebtuaginta,
2329 1303 2366 1366 et
2391 1299 2430 1367 in

444 1453 450 1464 “
574 1454 732 1522 medium
756 1455 884 1530 locum,
910 1455 1003 1541 quod
1028 1457 1082 1522 est
1105 1473 1169 1542 per
1192 1457 1420 1532 trabersum,
1445 1457 1500 1522 est
1523 1473 1587 1542 per
1610 1455 1761 1522 latitudo
1784 1453 1878 1540 passi
1901 1472 1992 1531 sex,
2017 1455 2129 1521 totum
2153 1454 2198 1522 ad
2221 1453 2321 1521 iuxto
2345 1471 2429 1538 pas·

575 1627 653 1676 sum
675 1607 859 1676 omninum
883 1609 1140 1675 mensuratum.
1167 1608 1215 1673 lle
1239 1627 1323 1675 vero
1339 1607 1581 1694 suprascripte
1596 1607 1694 1694 pecie
1716 1607 1760 1675 de
1783 1607 1890 1675 terris
1913 1625 1977 1692 per
1992 1606 2168 1674 iamdictis
2182 1605 2262 1673 finis
2286 1608 2432 1678 etmen-
2519 1589 2523 1600 ’

573 1761 693 1839 sumis,
719 1781 799 1829 cum
822 1763 942 1830 omnia
965 1762 1059 1829 intro
1082 1781 1119 1830 se
1143 1762 1357 1830 habentibus
1372 1761 1604 1850 omnibusque
1625 1763 1699 1830 suis
1722 1761 1947 1850 pertinentiis
1970 1765 2007 1827 et
2029 1780 2109 1828 cum
2125 1761 2202 1828 vice
2224 1759 2268 1827 de
2291 1760 2427 1829 viasua

576 1911 738 1982 inclitum
762 1910 843 1981 illut
865 1914 975 2002 ipsius
999 1915 1091 1982 mari
1115 1914 1278 1992 tradidit,
1304 1914 1369 1982 teli
1391 1915 1527 1992 ordine,
1545 1917 1586 1982 ut
1608 1885 1732 1982 amodo
1755 1917 1792 1980 et
1815 1932 1925 2001 usque
1940 1915 2113 2000 quactuor
2136 1912 2222 1980 anni
2245 1913 2430 1998 completi,

584 2069 630 2138 ad
653 2088 719 2137 sua
741 2069 843 2137 etde
865 2067 938 2136 suis
953 2068 1118 2136 eredibus
1142 2069 1215 2136 sint
1237 2071 1413 2156 potestate
1437 2070 1571 2144 tenere,
1588 2069 1625 2134 et
1646 2066 1842 2144 dominare,
1855 2069 1892 2133 et
1914 2068 2025 2144 lohee,
2041 2066 2155 2134 omnis
2178 2083 2240 2133 sue
2257 2065 2425 2133 utilitatis

579 2222 683 2290 iuxta
706 2221 882 2288 rationem
904 2219 1035 2288 ibidem
1059 2221 1188 2298 facere3
1214 2222 1251 2286 et
1274 2220 1336 2287 ubi
1360 2219 1545 2299 meruerit,
1569 2220 1663 2299 illut,
1688 2219 1781 2308 quod
1803 2223 1857 2288 est
1880 2221 2075 2295 arbustum,
2101 2221 2247 2286 arbores
2270 2221 2306 2286 et
2330 2217 2420 2286 vites

574 2376 703 2445 ibidem
727 2377 942 2462 pastenare,
975 2377 1012 2440 et
1035 2374 1228 2460 plantare,
1254 2376 1291 2440 et
1314 2393 1462 2460 surgere
1486 2371 1579 2452 illut,
1603 2371 1695 2442 sicut
1717 2371 1888 2442 meruerit
1910 2392 2039 2441 vonum
2062 2376 2155 2440 esset
2178 2375 2363 2440 arbustum
2389 2372 2427 2440 in

574 2531 650 2618 ipso
673 2532 816 2606 locum,
842 2531 881 2596 ut
904 2529 943 2596 in
966 2527 1093 2596 melius
1116 2528 1305 2615 proficiant
1327 2531 1364 2596 61
1386 2547 1457 2596 non
1479 2527 1710 2616 dispereant,
1735 2531 1772 2596 61
1794 2527 2040 2615 vigilationem
2064 2527 2145 2594 inde
2168 2529 2276 2596 abere
2296 2575 2305 2605 ,
2330 2528 2424 2596 siout

575 2685 687 2762 decet,
712 2686 750 2752 et
772 2685 848 2751 tota
869 2684 1114 2770 suprascripta
1137 2686 1242 2751 rebus
1264 2683 1414 2751 cludant
1435 2683 1482 2751 da
1505 2683 1583 2771 ipsa
1605 2684 1676 2760 via,
1701 2687 1738 2752 et
1760 2683 1842 2751 illut
1865 2680 1958 2771 quod
1980 2689 2035 2751 est
2057 2683 2331 2759 abellanietum,
2366 2684 2425 2751 ubi

585 2838 770 2914 meruerit,
796 2837 891 2905 intra
914 2837 998 2904 illut
1020 2841 1222 2923 pastenare,
1247 2837 1311 2904 ille
1334 2839 1454 2904 autem
1478 2839 1536 2902 vel
1560 2853 1640 2903 suos
1662 2834 1785 2903 eredes
1808 2837 1997 2922 pastenare
2019 2835 2209 2914 abellane,
2235 2839 2275 2904 ut
2297 2854 2424 2904 vonum

577 2995 705 3080 pareat
726 2993 953 3079 pastenatum
977 2993 1014 3058 61
1035 2993 1187 3068 surtum,
1212 2990 1306 3058 sicut
1329 2989 1514 3068 meruerit,
1538 2993 1575 3056 61
1597 2990 1755 3074 tempore
1777 2988 1822 3056 de
1844 2989 2033 3067 vindemie,
2059 2989 2233 3076 quantum
2258 2989 2382 3057 vinum
2397 2995 2437 3058 et

578 3164 683 3234 poma
705 3144 829 3212 amodo
851 3147 889 3212 61
912 3163 1023 3232 usque
1046 3143 1121 3231 ipso
1143 3143 1376 3211 constitutum
1399 3143 1483 3211 inde
1506 3143 1689 3221 exierint,
1729 3161 1794 3229 per
1816 3143 2043 3212 medietatem
2066 3143 2149 3211 illut
2171 3143 2267 3212 inter
2291 3163 2355 3212 nos
2379 3145 2434 3213 di-

584 3299 757 3378 bidamus,
775 3317 838 3367 nos
859 3299 1087 3367 medietatem
1109 3300 1146 3366 et
1168 3299 1231 3366 ille
1254 3299 1311 3365 vel
1334 3317 1415 3366 suos
1429 3297 1552 3367 eredes
1576 3298 1717 3385 reliqua
1738 3297 1940 3377 medietate
1957 3301 1994 3366 61
2016 3301 2149 3387 quante
2164 3299 2328 3368 abellane
2343 3301 2426 3369 inde

577 3450 802 3527 collexerint,
828 3469 891 3518 nos
914 3455 1034 3518 eutem
1058 3451 1114 3516 161
1138 3450 1269 3518 nostris
1294 3449 1459 3518 eredibus
1481 3451 1649 3519 tollamus
1671 3450 1747 3538 ipse
1769 3453 1935 3560 abelleno
1956 3469 2056 3520 eecce
2078 3452 2147 3521 due
2169 3453 2287 3530 sortis,
2304 3457 2342 3520 et
2364 3454 2426 3521 ille

581 3606 709 3673 tollant
731 3601 860 3672 exinde
884 3603 1029 3671 tertiam
1052 3607 1205 3690 partem,
1219 3607 1255 3670 et
1278 3621 1342 3692 per
1365 3607 1504 3693 tempus
1527 3603 1570 3670 de
1594 3604 1771 3672 vindemie
1793 3609 1830 3673 et
1852 3605 1895 3672 de
1919 3606 1994 3692 ipse
2016 3605 2181 3674 abellane
2196 3606 2332 3674 iaciant
2346 3607 2438 3674 scire

579 3779 636 3828 me
658 3777 823 3847 meosque
845 3759 980 3834 eredes,
996 3761 1036 3824 ut
1058 3757 1259 3846 dirigamus
1282 3756 1412 3826 ibidem
1429 3758 1575 3826 missum
1599 3761 1759 3826 nostrum
1782 3779 1846 3846 pro
1862 3759 2066 3846 recipienda
2088 3759 2166 3847 ipsa
2180 3760 2336 3828 sortione
2352 3779 2432 3828 mea

576 3910 620 3978 de
643 3909 718 3996 ipso
741 3908 824 3976 vino
846 3911 883 3976 et
905 3927 1010 3996 poma
1033 3911 1070 3976 61
1091 3909 1135 3976 (16
1159 3910 1234 3997 ipse
1258 3911 1435 3988 abellane;
1460 3914 1498 3979 et
1519 3911 1603 3979 dum
1626 3911 1757 3980 ibidem
1780 3914 1921 3981 steterit
1943 3913 2018 4002 ipso
2042 3914 2200 3992 missum,
2215 3915 2299 3982 illut
2323 3915 2438 3986 nutri-

579 4081 676 4141 care,
701 4063 794 4131 sicut
817 4063 950 4131 iustum
974 4065 1095 4141 luerit,
1120 4068 1158 4131 et
1179 4065 1477 4151 palmentaticum
1500 4065 1599 4133 nobis
1622 4065 1708 4133 dare
1733 4086 1843 4134 unum
1865 4068 2003 4154 pullum
2027 4088 2183 4149 vonum,
2208 4073 2245 4136 et
2268 4069 2360 4156 quod
2387 4071 2438 4140 ibi

582 4215 852 4294 sentinaberint,
877 4215 986 4284 deant
996 4215 1078 4284 inde
1101 4217 1202 4285 nobis
1217 4219 1428 4286 terraticum
1452 4220 1645 4287 secundum
1660 4221 1950 4290 consuetudinem
1972 4221 2016 4290 de
2038 4225 2113 4311 ipso
2129 4225 2259 4318 locum.
2284 4225 2330 4293 ad
2345 4243 2442 4293 eom·

581 4369 671 4456 pleti
694 4387 778 4436 vero
801 4367 869 4454 ipsi
892 4369 1066 4454 quactuor
1089 4368 1176 4436 anni
1199 4369 1363 4438 inclitum
1387 4371 1471 4438 illut
1493 4373 1679 4450 lavorata‚
1704 4376 1742 4441 et
1764 4375 1913 4460 cultata,
1938 4377 1975 4442 et
1996 4377 2108 4455 clusa,
2133 4377 2227 4445 sicut
2248 4395 2358 4463 supra
2380 4377 2441 4446 di-

585 4523 716 4600 ximus,
742 4521 912 4592 remidtat
934 4523 979 4590 ad
1002 4526 1178 4611 potestate
1201 4544 1281 4593 mea
1304 4527 1408 4594 etde
1431 4526 1518 4593 meis
1534 4527 1736 4596 heredibus.
1762 4528 1854 4596 unde
1877 4529 1916 4596 in
1938 4547 1979 4596 eo
2001 4529 2125 4597 ordine
2149 4549 2212 4617 per
2234 4549 2327 4598 vona
2343 4549 2443 4598 com-

585 4679 768 4748 benientia
790 4677 925 4765 guadia
947 4679 1058 4748 michi
1082 4679 1157 4766 ipse
1179 4679 1273 4747 mari
1296 4679 1422 4758 dedit,
1452 4683 1489 4748 61
1511 4680 1743 4749 mediatorem
1776 4681 1885 4750 michi
1907 4683 2024 4769 posuit
2057 4685 2320 4770 erchempertus
2343 4685 2439 4754 tilius

583 4834 761 4922 quondam
786 4831 875 4904 mari
899 4835 1102 4922 presbiteri,
1115 4838 1152 4904 et
1174 4854 1239 4923 per
1261 4835 1341 4923 ipsa
1364 4835 1498 4923 guadia
1519 4839 1589 4904 etc.
1614 4840 1753 4905 statute
1768 4839 1902 4906 6161616
1917 4838 2047 4922 6191611
2061 4839 2260 4906 solidorum
2273 4843 2441 4909 consten-

592 4993 833 5061 arcanorum.
859 4994 1105 5060 verumtamen
1128 4991 1224 5060 intra
1247 4991 1323 5079 ipso
1347 4991 1578 5060 constitutum
1613 4991 1700 5058 dare
1723 4991 1831 5059 michi
1856 4994 1929 5080 ipse
1952 4993 2044 5060 mari
2078 5011 2142 5080 pro
2175 4995 2435 5062 salvamentum

594 5143 663 5212 due
686 5143 779 5229 pelle
802 5161 904 5212 1666.
929 5143 1021 5232 quod
1044 5143 1172 5232 scripsi
1195 5163 1261 5231 ego
1284 5147 1409 5231 petrus
1432 5143 1605 5211 notarius.

633 5293 662 5386 †
685 5296 760 5380 Ego
783 5295 955 5364 iohannes

636 5448 663 5537 †
688 5451 764 5536 Ego
788 5448 1020 5538 truppoaldus
1042 5449 1196 5519 clericus
1218 5455 1255 5517 et
1278 5448 1442 5517 notarius
1466 5467 1521 5516 me
1544 5448 1748 5518 subscribsi.

1282 5735 1707 5750 m
