5398 7106
613 485 683 565 242
1268 483 1444 558 com
1472 482 1731 558 clinum

602 685 728 754 ilatum
752 681 812 750 llll
835 697 948 750 nonas
969 679 1200 770 Septembris,
1237 680 1306 747 Per
1328 697 1453 748 manns
1476 677 1649 746 Friderici
1670 677 1813 746 diacum
1834 675 1964 744 Sancte
1985 675 2143 742 Romano
2165 674 2322 742 licem
2346 673 2409 740 Bi·

554 835 762 906 bliutecarii
784 839 822 904 ct
847 835 1084 914 cancellarii,
1111 831 1198 904 uice
1219 835 1341 904 domni
1364 833 1576 902 Herimanui
1598 829 1936 900 Archi-cancellarii
1957 833 1997 896 et
2016 829 2233 896 ecloum
2255 829 2406 898 menie

559 987 706 1078 piiacopi.
730 991 833 1060 Anno
856 989 995 1060 11001101
1018 989 1144 1060 leonia
1168 991 1253 1058 noni
1276 991 1392 1078 Papae
1412 989 1461 1057 V.
1487 987 1681 1058 lndmtione
1704 987 1766 1054 vl.
1794 985 1823 1068 ¹)

600 1145 711 1214 iocus
732 1141 761 1235 ¹5
782 1141 900 1230 sigilli
923 1148 969 1226 ⁸).

1276 1557 1694 1640 MCLXXXVII

1333 1801 1394 1877 A,
1420 1799 1478 1874 D.
1505 1801 1629 1878 1053

603 2063 631 2158 †
654 2067 693 2134 ln
716 2065 858 2134 nomine
880 2063 1015 2134 domini
1038 2063 1282 2134 tertiodecimo
1304 2065 1336 2148 ⁸)
1358 2083 1455 2134 anno
1478 2063 1701 2150 principatus
1723 2063 1843 2131 domni
1868 2061 1980 2130 nostri
2003 2061 2123 2148 gisulfi
2144 2063 2294 2148 gloriosi
2309 2063 2410 2149 prin-

559 2217 662 2306 cipis,
687 2233 808 2286 mense
829 2217 988 2294 octuber,
1013 2217 1166 2304 septima
1186 2215 1394 2324 indictione.
1422 2215 1501 2284 ideo
1526 2215 1589 2303 qui
1611 2234 1678 2302 ego
1701 2217 1824 2302 potrus
1846 2214 1941 2282 illius
1965 2215 2144 2303 quondam
2168 2215 2411 2292 0101101010-

558 2373 696 2442 relacio
722 2387 779 2440 me
803 2369 960 2440 retinere
983 2373 1089 2440 rebus
1112 2369 1149 2438 in
1172 2371 1346 2438 locum...
1372 2371 1410 2436 et
1424 2387 1488 2456 per
1510 2367 1593 2436 aliis
1615 2367 1703 2436 locis
1726 2387 1791 2455 per
1805 2367 1935 2436 linibus
1960 2369 2175 2456 caputaquis
2189 2369 2410 2456 pertinentes

566 2523 675 2594 michi
698 2525 745 2594 da
767 2523 935 2594 iamdicto
958 2523 1122 2610 genitore
1145 2543 1222 2592 meo
1245 2527 1283 2591 et
1304 2543 1368 2611 pro
1392 2523 1512 2592 nostre
1533 2521 1697 2592 rationis.
1722 2522 1782 2589 Set
1804 2522 1961 2610 qualiter
1985 2525 2040 2588 est
2054 2522 2164 2590 michi
2186 2523 2408 2609 pertinentes

559 2695 759 2766 congruum
783 2681 838 2746 eet
860 2677 971 2746 michi
991 2727 1115 2745 .....
1135 2677 1269 2745 idoneis
1291 2675 1469 2744 ominibus
1491 2663 1682 2744 subscribti
1706 2677 1814 2744 testes
1837 2694 1902 2764 per
1925 2675 2174 2744 convenientia
2195 2695 2261 2762 per
2279 2729 2407 2744 .....

560 2829 682 2898 anime
707 2847 784 2898 mee
805 2829 969 2900 omnibus
991 2829 1207 2918 supradietis
1231 2829 1318 2897 meis
1341 2829 1534 2897 declaratis
1556 2831 1661 2896 rebus
1684 2828 1766 2896 illut
1787 2829 1930 2896 offerire
1967 2830 2006 2896 iu
2029 2830 2181 2897 ecclesia
2203 2829 2324 2896 Sancti
2347 2849 2412 2897 an-

558 2981 646 3072 geli,
671 2981 835 3072 quesita
857 2983 911 3050 est
934 2981 1031 3050 iuius
1054 2983 1160 3050 rebus
1184 2981 1303 3048 domni
1326 2981 1548 3068 guaimarii,
1573 2985 1610 3049 ei
1632 2981 1821 3068 gregorii,
1847 2983 1883 3048 et
1906 2981 2069 3068 guidoni,
2099 2985 2137 3049 et
2159 2983 2307 3050 iohanni
2329 3001 2413 3068 ger-

560 3135 658 3206 mani
684 3133 750 3204 tllii
773 3131 892 3204 domni
915 3133 1062 3222 paldulil
1086 3133 1124 3202 in
1147 3135 1222 3202 loco
1247 3135 1342 3202 ulmo
1364 3135 1435 3204 line
1458 3137 1682 3224 caputaquis.
1707 3136 1806 3204 Unde
1829 3137 1972 3204 nullam
1995 3137 2096 3204 nobis
2120 3137 2272 3204 dicimus
2296 3155 2410 3207 rema-

563 3307 648 3358 nere
671 3287 829 3358 sortione
853 3305 914 3377 per
937 3289 1014 3357 tota
1036 3289 1106 3357 tine
1130 3287 1343 3376 caputaquis
1365 3287 1410 3356 de
1433 3288 1520 3376 ipsis
1542 3289 1736 3358 declaratis
1760 3293 1892 3367 rebus,
1934 3307 2052 3378 neque
2088 3290 2134 3358 ad
2156 3290 2284 3358 0001100
2317 3310 2413 3358 meos

566 3445 631 3512 eut
653 3461 677 3512 a
700 3443 959 3532 qualecumque
981 3461 1072 3520 omo,
1089 3443 1146 3510 set
1169 3443 1243 3510 tota
1266 3443 1303 3510 et
1326 3441 1483 3528 integra,
1498 3441 1653 3530 qualiter
1675 3447 1730 3510 001
1751 3443 1862 3512 michi
1878 3442 2080 3529 pertinente
2102 3442 2177 3510 line
2200 3445 2412 3532 caputaquis

564 3595 786 3684 pertinentes
810 3593 922 3664 vineis
946 3595 1053 3664 terris
1074 3613 1141 3664 sua
1163 3595 1264 3674 cibis,
1278 3596 1414 3664 cultum
1438 3597 1494 3664 vel
1519 3596 1706 3673 incultum,
1732 3615 1812 3666 cum
1836 3596 2009 3664 scribtum
2033 3597 2090 3663 vel
2117 3597 2205 3664 soris
2229 3597 2412 3672 scribtum,

566 3749 778 3838 ubicumque
802 3749 856 3818 est
879 3747 988 3818 michi
1011 3747 1231 3836 pertinentes
1254 3767 1318 3836 per
1341 3751 1416 3818 tota
1437 3749 1508 3818 line
1531 3749 1743 3838 caputaquis
1766 3750 1809 3818 de
1834 3753 1940 3820 rebus
1963 3769 2044 3818 mea
2058 3749 2199 3828 sterile,
2213 3769 2276 3820 seu
2300 3770 2414 3837 quau-

562 3903 641 3970 tum
666 3901 881 3992 conquidere
905 3903 1052 3990 potuero
1075 3899 1198 3970 diebus
1222 3901 1294 3968 vite
1319 3919 1409 3980 mee,
1434 3903 1548 3971 totum
1570 3902 1648 3971 siad
1672 3905 1710 3971 in
1733 3905 1909 3990 potestate
1931 3904 1976 3971 de
1999 3903 2075 3991 ipse
2108 3905 2262 3974 eeclesia
2297 3908 2414 3974 sancti

562 4057 776 4144 unge1i‚ubi
802 4053 951 4124 domnus
975 4055 1145 4126 iohannes
1169 4055 1408 4124 uenerabilem
1431 4055 1595 4124 sacerdos
1617 4058 1653 4123 et
1676 4058 1786 4125 abbas
1809 4059 1940 4143 preest.
1967 4059 2032 4124 hec
2056 4077 2140 4125 vero
2156 4058 2345 4128 iamdictus
2359 4079 2415 4127 rc·

566 4207 645 4284 lius,
672 4205 829 4294 qualiter
852 4204 1071 4276 deciaratum
1096 4208 1173 4284 est,
1199 4208 1275 4276 tota
1298 4209 1333 4276 et
1354 4207 1497 4295 integre
1519 4209 1582 4278 ille
1605 4210 1644 4279 in
1668 4210 1830 4296 predicta
1863 4212 2018 4280 ecclesia
2051 4213 2202 4283 damodo
2236 4216 2416 4286 offerimus

562 4377 644 4428 cum
669 4357 820 4428 introitu
845 4363 881 4428 et
903 4359 1005 4428 exitu
1029 4361 1066 4428 et
1088 4361 1166 4428 vice
1188 4359 1232 4428 de
1256 4361 1323 4431 viis
1345 4363 1431 4442 suis,
1447 4366 1580 4434 etcum
1602 4366 1723 4434 omnia
1749 4366 1845 4434 intro
1869 4367 1955 4454 ipsis
1979 4370 2085 4436 rebus
2101 4371 2414 4440 arentibusomni-

564 4513 698 4602 itusque
723 4511 806 4582 inde
830 4511 1061 4600 pertinentes,
1077 4513 1121 4582 ad
1144 4515 1320 4584 securiter
1343 4520 1380 4584 01
1402 4517 1564 4596 tirmiter,
1589 4517 1713 4586 amodo
1736 4522 1774 4587 01
1795 4537 1935 4606 semper
1958 4521 2162 4601 illut,sicut
2183 4522 2318 4592 dictum
2340 4527 2407 4600 est,

565 4663 756 4744 avendum,
783 4663 1065 4744 dominandum,
1091 4666 1349 4754 possidendum,
1374 4673 1411 4736 01
1432 4667 1553 4736 omnia
1575 4668 1706 4737 exinde
1728 4669 1958 4756 laciendum,
1984 4671 2053 4758 que
2076 4671 2242 4759 partibus
2263 4675 2413 4744 ecclesie

563 4817 640 4886 eivs
665 4821 821 4888 rectores
845 4817 906 4908 qui
931 4817 1060 4888 ividem
1077 4823 1195 4908 preest
1210 4820 1397 4908 placuerit,
1416 4823 1549 4910 absque
1570 4821 1667 4890 omni
1689 4825 2055 4902 contrarietaie'mea
2076 4827 2131 4893 rei
2158 4827 2202 4894 de
2225 4847 2322 4898 meos
2337 4847 2414 4897 ore·

563 4969 638 5048 dee,
666 4973 730 5040 aut
752 4971 880 5060 cuique
904 4971 1118 5042 hominibus.
1154 4977 1223 5040 ilec
1247 4973 1494 5060 prenominata
1517 4973 1702 5044 offertione
1724 4976 1937 5046 firmandum
1960 4977 2130 5064 guadiam
2155 4979 2267 5066 ipsius
2289 4981 2414 5052 domni

563 5121 714 5192 iohanni
740 5119 858 5194 abbati
883 5123 1064 5202 dedimus,
1090 5129 1127 5194 01
1150 5125 1381 5196 mediatorem
1405 5127 1438 5196 ei
1463 5127 1642 5216 posuimus
1658 5129 1830 5200 alderissi
1854 5129 1949 5200 tilius
1972 5131 2150 5219 quondam
2176 5135 2354 5212 1010οιιιίι
2379 5139 2419 5204 01

571 5365 873 5394 *uun——

609 5493 632 5570 11
657 5493 697 5556 Ut
719 5495 853 5560 advortit
874 5499 970 5562 otiam
992 5500 1029 5562 l.
1054 5499 1090 5562 Di
1113 5501 1191 5572 Meo,
1215 5501 1283 5580 iege
1307 5503 1372 5565 Vll.

608 5597 636 5686 ²)
657 5605 733 5671 Vide
756 5609 922 5674 iao-simile
943 5611 975 5672 in
997 5611 1057 5674 line
1078 5609 1146 5676 Vol.

610 5717 640 5802 ⁸)
662 5721 792 5786 Decimo
816 5721 970 5786 morundo.
