5398 7106
629 465 702 562 soe
1251 461 1427 536 coosx
1459 458 1736 558 cuvnnsrs

580 661 717 731 omines
737 661 905 749 omnique
929 659 1091 748 pertibus
1113 659 1153 728 in
1175 660 1271 728 omni
1291 655 1419 725 ordine
1440 661 1478 724 et
1500 655 1653 730 ratione,
1666 653 1761 720 sicut
1782 649 1949 740 superius
1971 649 2143 718 diximus
2171 649 2423 716 verumtamen

575 833 618 881 oc
643 813 868 882 recordamus
890 815 927 880 et
950 811 995 880 de
1017 809 1112 900 qnod
1137 813 1289 898 parutus
1312 807 1424 878 luerit
1448 808 1532 900 inde
1556 807 1682 878 vinum
1704 807 1862 886 exierit,
1887 803 2119 874 medietatem
2148 801 2235 870 illut
2267 801 2378 898 deant
2399 803 2441 872 in

576 963 740 1049 pertibus
762 963 875 1052 ipsius
911 962 1075 1039 ecclesie,
1099 965 1137 1029 et
1160 979 1230 1030 unc
1254 962 1398 1029 brebem
1420 960 1550 1046 scripsi
1571 979 1639 1048 ego
1662 961 1836 1028 iohannes
1860 960 2034 1028 notarius.

630 1117 658 1208 †
680 1120 755 1205 Ego
778 1115 954 1186 ademari.

625 1269 653 1360 †
676 1271 750 1360 ligo
774 1274 898 1358 petrus
924 1267 1115 1357 presbiter.

1300 1683 1693 1766 MCLXXXIV

1353 1932 1412 2006 A.
1439 1929 1498 2005 D.
1526 1931 1650 2006 1053

626 2199 716 2292 †ln
738 2201 880 2270 nomine
903 2200 1039 2268 domini
1063 2199 1270 2268 duodecimo
1294 2215 1389 2266 anno
1412 2198 1638 2286 principatus
1661 2197 1797 2266 domini
1827 2196 1941 2265 nostri
1969 2196 2087 2282 gisolfi
2122 2195 2271 2282 gloriosi
2294 2193 2432 2280 princi·

581 2355 648 2442 pis,
673 2373 792 2422 mense
815 2357 1003 2442 augustus,
1027 2355 1132 2422 sexta
1155 2352 1363 2424 indictione.
1397 2354 1471 2439 Ego
1494 2351 1669 2421 iohannes
1691 2351 1844 2419 clericus
1866 2351 1962 2418 filius
1984 2349 2162 2436 quondam
2189 2350 2262 2417 ursi
2298 2347 2434 2435 presbi-

584 2508 653 2576 teri
676 2527 741 2594 pro
763 2510 867 2595 parte
890 2508 1019 2575 domne
1042 2506 1212 2575 theodore
1234 2505 1375 2576 domina
1400 2525 1502 2584 mee,
1527 2509 1565 2573 et
1589 2507 1718 2592 relicta
1740 2503 1861 2572 domui
1885 2503 2037 2591 paldulfi
2057 2503 2124 2570 filii
2148 2505 2239 2570 bone
2263 2500 2433 2570 memorie

581 2661 699 2730 domni
724 2661 918 2749 guaimarii
943 2659 1054 2730 holim
1077 2661 1263 2749 principis,
1288 2664 1326 2728 et
1348 2661 1392 2728 de
1414 2659 1498 2727 filiis
1520 2677 1661 2738 eornm,
1685 2659 1733 2726 ad
1756 2657 1993 2726 laborandum
2016 2655 2148 2724 tradidi
2171 2659 2308 2724 terram
2351 2675 2432 2724 cum

582 2815 740 2885 arbustis
762 2833 885 2883 eorum
908 2813 1149 2902 pertinentem
1173 2813 1217 2882 de
1241 2809 1362 2880 locum
1387 2812 1599 2889 tabellaria,
1618 2813 1679 2881 ubi
1702 2813 1745 2879 ad
1766 2813 1893 2880 sanctu
1917 2811 1993 2879 vitu
2016 2809 2151 2880 dicitur
2172 2810 2302 2878 finibus
2324 2810 2439 2880 seler-

585 2971 635 3045 ni,
661 2987 730 3057 que
753 2971 808 3036 est
831 2985 895 3056 per
919 2969 985 3035 hec
1007 2967 1088 3034 duis
1110 2969 1148 3034 et
1170 2967 1366 3070 mensoria,
1384 2966 1475 3033 iusto
1499 2984 1609 3052 passu
1632 2966 1790 3036 hominis
1815 2969 2036 3034 mensurata:
2061 2983 2108 3033 ex
2130 2964 2226 3032 omni
2246 2967 2350 3051 perte
2371 2964 2442 3034 dne

580 3124 624 3190 de
646 3122 724 3210 ipsa
745 3121 889 3190 domina
911 3140 992 3190 mea
1013 3121 1109 3189 etde
1131 3120 1201 3208 ipsi
1223 3121 1290 3187 dlii·
1311 3120 1399 3198 eius,
1439 3121 1476 3187 et
1498 3123 1544 3189 ab
1565 3110 1750 3190 occidente
1773 3123 1858 3190 abet
1879 3120 1975 3207 pessi
1997 3121 2165 3199 sedecim,
2186 3123 2224 3188 et
2246 3139 2270 3188 a
2293 3120 2442 3190 meridie

588 3278 672 3344 abet
686 3277 780 3362 pessi
796 3275 1061 3364 quinquaginta
1083 3275 1169 3354 duo;
1187 3277 1234 3344 ab
1257 3275 1400 3344 oriente
1417 3279 1503 3344 sunt
1517 3277 1612 3362 passi
1628 3277 1751 3346 decern
1775 3279 1813 3344 et
1826 3280 1974 3364 septem;
2000 3280 2031 3344 A
2054 3279 2157 3365 perte
2180 3275 2442 3364 septemtrionis

589 3429 658 3500 dne
680 3429 795 3498 limite
817 3433 855 3498 et
877 3429 974 3517 passi
990 3429 1258 3518 quinquaginta
1280 3433 1430 3518 septem.
1458 3439 1528 3499 Hec
1551 3435 1673 3500 autem
1688 3433 1850 3519 predicta
1862 3436 1961 3502 terra
1985 3451 2049 3520 per
2071 3432 2333 3519 suprascriptas
2355 3432 2442 3500 dues

496 3589 504 3604 ⁶
587 3589 625 3652 et
651 3585 850 3652 mensnries
873 3583 1007 3653 tradidi
1030 3587 1116 3654 ante
1138 3585 1330 3672 subscripti
1354 3587 1462 3652 testes
1486 3585 1640 3654 mirandi
1663 3587 1707 3654 de
1730 3587 1846 3655 locum
1866 3589 2074 3674 aputmonte
2096 3587 2162 3654 dlii
2186 3587 2362 3674 quondam
2387 3607 2444 3656 ro·

584 3738 735 3816 moaldi,
761 3757 825 3825 pro
849 3739 953 3823 parte
975 3739 1021 3806 de
1042 3737 1122 3826 ipsa
1143 3738 1288 3806 domina
1312 3755 1392 3804 mea
1414 3737 1517 3804 etde
1540 3739 1777 3825 suprascripti
1799 3739 1864 3806 dlii
1888 3738 1989 3816 eius,
2014 3756 2056 3806 eo
2079 3739 2208 3818 tinore,
2234 3743 2275 3808 ut
2296 3757 2438 3828 semper

592 3889 667 3977 ipse
697 3891 882 3960 mirandus
915 3888 952 3959 et
974 3891 1077 3959 heins
1101 3889 1249 3958 heredes
1272 3891 1352 3978 ipsa
1376 3891 1590 3964 tradictione
1612 3895 1761 3960 teneant
1782 3911 1863 3961 cum
1888 3893 1964 3962 vice
1987 3893 2031 3961 de
2055 3892 2114 3960 via
2135 3911 2213 3972 sua,
2230 3895 2267 3960 et
2290 3895 2391 3970 fobee
2405 3895 2442 3960 et

588 4045 701 4114 omnis
740 4044 882 4114 illorum
908 4043 1076 4118 utilitatis
1099 4043 1150 4112 ibi
1174 4043 1309 4112 iaciant
1331 4042 1428 4112 iusta
1451 4044 1626 4112 rationem
1645 4069 1653 4122 ;
1679 4047 1716 4111 et
1731 4045 1945 4134 annualiter
1981 4050 2064 4134 apto
2087 4050 2245 4134 tempore
2267 4046 2347 4135 ipsa
2369 4047 2442 4140 tra-

588 4198 745 4268 dictione
779 4203 855 4268 tota
878 4201 1046 4268 laborare
1069 4201 1107 4266 et
1129 4196 1290 4267 studiare
1312 4197 1460 4276 sacient,
1484 4197 1578 4267 sicut
1600 4199 1785 4278 meruerit,
1811 4203 1851 4268 ut
1872 4217 2011 4288 semper
2035 4203 2173 4270 bonum
2196 4203 2324 4287 pareat
2345 4203 2442 4270 labo-

590 4357 708 4424 ratum
732 4359 770 4424 et
791 4357 992 4432 collatum,
1017 4357 1054 4422 et
1077 4354 1236 4442 qualiter
1258 4353 1387 4422 cotidie
1421 4353 1585 4442 proficiat
1607 4356 1644 4422 et
1666 4373 1737 4422 non
1759 4353 1966 4440 dispereat,
1999 4358 2036 4423 et
2058 4359 2205 4432 arbores
2228 4360 2266 4425 et
2287 4359 2377 4426 vites
2398 4359 2442 4427 de
2499 4417 2511 4434 ,

593 4511 682 4578 bono
720 4507 844 4579 bitinio
867 4507 998 4576 ibidem
1014 4507 1179 4594 plantent
1200 4509 1237 4574 et
1260 4505 1499 4593 propaginent
1522 4507 1583 4574 ubi
1609 4487 1795 4586 meruerit,
1812 4509 1850 4576 et
1870 4527 2010 4598 semper
2033 4511 2124 4580 illud
2140 4514 2278 4580 clusum
2294 4514 2434 4592 abeant,

595 4664 693 4732 nrrde
727 4661 911 4740 meruerit,
939 4663 978 4730 et
999 4607 1150 4730 ‘Idam
1172 4663 1210 4729 et
1231 4661 1275 4728 de
1291 4660 1468 4730 vindemie
1489 4681 1630 4750 semper
1653 4664 1788 4732 saciant
1808 4665 1901 4733 scire
1924 4683 2008 4752 pars
2029 4667 2074 4734 de
2097 4667 2175 4754 ipsa
2197 4667 2341 4737 domina
2366 4685 2446 4738 mee

591 4821 628 4884 et
655 4817 697 4886 do
732 4816 799 4903 ipsi
823 4815 890 4884 dlii
914 4816 992 4884 eius
1015 4813 1118 4885 etde
1141 4815 1285 4884 illorum
1309 4817 1471 4896 heredes,
1498 4821 1537 4884 ut
1560 4817 1609 4886 ibi
1632 4817 1769 4906 dirigat
1791 4819 1937 4890 missum
1960 4839 2076 4900 suum,
2094 4771 2195 4890 etde
2216 4821 2349 4900 omnia,
2373 4840 2442 4910 que

590 4969 639 5038 ibi
664 4969 816 5038 iecerint
836 4965 1032 5050 desubter,
1058 4969 1169 5038 deant
1191 4967 1275 5038 inde
1299 4971 1510 5055 terraticum
1535 4971 1581 5040 ad
1605 4972 1720 5059 ipsum
1744 4975 1889 5042 missum
1912 4974 2033 5061 ibique
2063 4948 2223 5049 adarca,
2247 4975 2442 5048 secundnm

591 5123 878 5194 consuetudinem
890 5125 934 5193 de
948 5123 1060 5212 ipsum
1075 5125 1207 5200 locum,
1224 5125 1262 5192 et
1276 5124 1391 5213 ipsum
1407 5127 1595 5194 arbustum
1618 5129 1655 5194 et
1678 5145 1782 5214 poma
1796 5147 1866 5216 que
1880 5129 1931 5197 ibi
1947 5127 2102 5206 abuerit,
2119 5129 2203 5218 apto
2219 5131 2380 5216 tempore
2391 5131 2449 5198 le·

590 5277 694 5346 ciant
716 5237 818 5347 selba
840 5281 877 5346 et
899 5278 990 5348 illud
1014 5278 1233 5348 vindemient
1254 5282 1292 5347 et
1314 5279 1500 5367 colligant,
1525 5281 1618 5350 sicut
1640 5241 1826 5361 meruerit,
1857 5286 1894 5352 et
1915 5301 2055 5352 omnem
2071 5283 2207 5361 vinum,
2224 5301 2331 5372 quem
2354 5283 2440 5358 inde

593 5429 736 5510 exierit,
755 5431 875 5520 ibique
887 5433 1074 5519 portarent
1087 5431 1132 5500 ad
1144 5433 1378 5520 palmentum‚
1403 5437 1441 5502 et
1462 5431 1591 5504 inclite
1613 5433 1803 5504 medietate
1819 5435 1864 5504 de
1876 5436 1953 5524 ipso
1976 5434 2112 5516 vinum,
2128 5439 2164 5504 et
2186 5435 2229 5504 de
2245 5436 2323 5524 ipsa
2337 5455 2454 5528 perne

599 5589 741 5674 portent
763 5586 808 5656 ad
831 5587 1021 5656 cellerium
1042 5587 1088 5656 de
1111 5587 1191 5674 ipsa
1212 5587 1358 5656 domine
1380 5605 1469 5666 mee,
1494 5587 1648 5675 indeque
1670 5589 1716 5658 de
1737 5588 1815 5676 ipsi.
1828 5585 1994 5695 monaci,
2019 5591 2057 5658 et
2079 5592 2252 5678 reponant
2274 5587 2369 5658 illud
2397 5588 2442 5658 in

593 5757 813 5828 eugancum,
838 5741 932 5829 quod
955 5758 1020 5829 per
1045 5740 1162 5827 ipsum
1185 5739 1370 5808 mirandus
1392 5743 1430 5808 et
1451 5759 1519 5829 per
1542 5741 1622 5810 eius
1645 5741 1795 5810 heredes
1815 5758 1957 5829 semper
1978 5744 2042 5814 det
2065 5745 2203 5820 bouum.
2222 5741 2450 5818 mactatum.
