5398 7106
611 499 679 573 218
951 517 955 526 '
1188 540 1191 546 ·
1232 501 1409 574 sonex
1440 499 1713 578 estensis

566 683 770 780 pleberint,
795 697 832 761 et
853 695 1100 781 suprascripta
1123 697 1178 763 vel
1203 670 1333 762 exinde
1357 697 1537 764 remobere
1561 699 1625 764 aut
1647 696 1892 764 contradicere
1927 697 2192 782 presumserint
2215 715 2278 782 per
2302 697 2410 780 ipsam

564 845 730 933 guadiam
754 848 929 934 obligavit
951 867 989 916 se
1013 851 1088 936 ipse
1112 850 1295 936 iaquintus
1317 854 1354 918 et
1376 871 1457 919 suos
1480 854 1603 920 eredes
1626 871 1836 940 componere
1874 852 1982 920 michi
2006 855 2042 918 et
2065 852 2112 919 ad
2136 869 2220 938 pars
2242 849 2410 935 predicte

562 1000 710 1069 ecclesie
733 1001 998 1090 quinquaginta
1021 1005 1103 1072 auri
1125 1005 1256 1072 solidos
1279 1007 1537 1075 constantinus.
1562 1006 1655 1094 quod
1678 1005 1805 1092 scripsi
1828 1025 1894 1092 ego
1919 1005 2122 1073 romoaldus
2146 1003 2319 1070 noterius.

608 1151 732 1240 †Ego
756 1153 977 1240 grimoaldus
1002 1175 1057 1223 me
1080 1155 1284 1242 subscripsi.

619 1303 647 1393 ᾧ
668 1309 743 1392 Ego
765 1307 927 1379 alderissi
950 1309 1111 1378 notarius
1134 1327 1188 1378 me
1211 1308 1416 1394 subscripsi.

1350 1665 1601 1808 Moxcn

1320 2005 1384 2080 A.
1411 2003 1471 2078 D.
1501 2003 1627 2079 1054

603 2265 630 2355 †
654 2267 693 2331 ln
717 2265 858 2332 nomine
881 2263 1017 2332 domini
1040 2265 1168 2333 domno
1191 2266 1419 2333 constantino
1443 2268 1569 2336 dibina
1591 2269 1715 2354 gratia
1737 2268 1939 2355 imperator
1984 2269 2132 2355 augusto
2155 2266 2220 2333 deo
2242 2265 2407 2352 propitio,

561 2419 766 2486 duodecimo
789 2421 909 2486 hanno
934 2417 1078 2505 imperii
1102 2419 1191 2496 eius,
1217 2438 1338 2487 mense
1363 2423 1573 2502 februario,
1600 2442 1694 2490 nona
1719 2421 1747 2504 ¹)
1771 2421 1978 2490 indictione.
2007 2420 2156 2506 Ideoque
2178 2438 2241 2505 ego
2265 2421 2320 2486 vir
2343 2440 2403 2487 no-

560 2571 655 2638 mine
679 2573 761 2639 urso
785 2574 905 2648 torto,
948 2573 984 2638 et
1007 2571 1123 2639 eluisa
1146 2590 1215 2658 que
1237 2591 1315 2640 sum
1341 2592 1434 2640 uxor
1457 2574 1534 2641 eius
1569 2577 1605 2640 et
1627 2557 1703 2642 filia
1728 2573 1835 2660 (deest
1860 2573 2004 2666 nomeu)
2026 2573 2087 2660 qui
2110 2591 2231 2639 sumus
2258 2591 2407 2639 commo

562 2727 681 2792 rantes
704 2725 826 2793 hintus
849 2725 998 2792 cibitate
1022 2725 1187 2802 luceria,
1213 2722 1462 2794 clarefecimus
1486 2746 1550 2793 nos
1573 2730 1682 2795 hante
1706 2728 1889 2813 presentia
1912 2727 2046 2794 domno
2071 2726 2270 2794 sadelberto
2294 2724 2409 2792 iudice

473 2939 479 2953 ,
558 2882 596 2945 et
618 2878 866 2966 haliorumque
889 2879 1173 2966 supsoriptorum
1198 2880 1358 2957 testium,
1385 2880 1447 2966 qui
1467 2851 1528 2947 'nic
1551 2884 1676 2967 supter
1702 2881 1901 2967 conscripti
1925 2881 2034 2958 sunt,
2060 2881 2228 2967 quoniam
2251 2879 2409 2966 cogitare

557 3033 716 3119 cepimus
739 3051 782 3100 ea
806 3049 875 3119 que
898 3031 956 3099 dei
980 3035 1077 3109 sunt,
1103 3035 1232 3119 etque
1256 3033 1453 3099 remedium
1479 3037 1587 3120 atque
1617 3035 1854 3102 salbationem
1879 3036 2081 3102 animarum
2098 3037 2300 3100 nostrarum
2323 3047 2417 3121 qua:

556 3185 642 3252 liter
665 3185 804 3272 premia
827 3187 955 3254 eterna
978 3185 1129 3272 adipisci
1151 3203 1378 3263 mereamur,
1405 3189 1552 3273 propter
1575 3188 1642 3253 hoc
1667 3185 1864 3252 remedium
1887 3189 1924 3252 et
1946 3187 2184 3255 salbationem
2207 3187 2407 3253 animarum

557 3341 791 3414 nostrarum,
830 3340 922 3404 bona
945 3305 1076 3405 etenim
1101 3341 1225 3405 nostra
1247 3339 1435 3405 boluntate
1460 3337 1665 3405 offeruimus
1689 3336 1857 3413 domino,
1896 3337 1994 3402 etin
2017 3337 2167 3404 ecclesia
2200 3341 2403 3405 sanctorum

487 3465 494 3480 ’
557 3465 798 3575 apostolorum
821 3489 935 3577 filippi
958 3492 996 3556 et
1017 3489 1146 3567 iacobi,
1166 3490 1226 3558 ubi
1240 3490 1367 3557 domno
1391 3489 1589 3574 maynardo
1613 3492 1717 3556 notus
1740 3488 1798 3555 dei
1816 3489 2036 3580 benerabilis
2059 3490 2224 3556 sacerdos
2247 3491 2284 3555 et
2299 3491 2407 3557 abbas

556 3644 713 3726 regimen
737 3644 861 3709 tenere
885 3642 1039 3719 bidebur,
1058 3643 1189 3710 ibidem
1212 3643 1421 3710 offeruimus
1445 3643 1557 3719 lasis,
1583 3642 1697 3709 vineis
1720 3646 1758 3708 et
1783 3641 1904 3717 terris,
1919 3643 1956 3708 et
1979 3641 2099 3708 omnia
2123 3639 2220 3707 etin
2245 3641 2406 3708 omnibus

555 3793 684 3859 stabile
707 3797 745 3860 et
766 3794 923 3871 mobile,
963 3813 1032 3882 que
1056 3795 1158 3862 modo
1182 3797 1355 3862 habemus
1378 3797 1415 3860 et
1441 3795 1535 3882 quod
1558 3794 1708 3862 hamodo
1731 3796 1768 3860 et
1791 3793 1930 3860 cunctis
1953 3793 2076 3860 diebus
2109 3793 2180 3859 vite
2204 3795 2324 3860 nostre
2346 3813 2408 3879 pa·
2433 3879 2435 3883 Ι

557 3963 640 4012 rare
663 3949 700 4012 et
722 3946 938 4033 conquidere
960 3931 1182 4032 potuerimus
1205 3946 1323 4013 cuntis
1347 3905 1472 4013 diebus
1497 3945 1569 4012 vite
1592 3951 1712 4013 nostre
1735 3945 1773 4013 in
1797 3946 1962 4031 integras
1985 3944 2081 4031 ipsas
2117 3964 2224 4031 quam
2258 3948 2295 4012 et
2328 3965 2405 4032 per-

556 4115 661 4164 sonas
685 4099 826 4164 nostras
849 4086 887 4164 in
910 4101 1052 4185 prefata
1075 4098 1254 4165 hecclesia
1276 4099 1484 4165 offeruimus
1507 4099 1813 4184 sempiternaliter
1839 4098 2041 4166 habendum
2065 4115 2108 4164 ea
2131 4096 2283 4174 ratione,
2310 4099 2350 4163 ut
2371 4099 2402 4165 si

554 4249 719 4316 dominus
742 4250 1074 4336 deusomnipotens
1098 4270 1209 4317 unum
1233 4251 1277 4318 de
1300 4254 1402 4318 nobis
1425 4251 1469 4316 de
1493 4253 1559 4318 hoc
1581 4253 1701 4318 seculo
1726 4253 1854 4319 bocare
1880 4250 2049 4336 dignatus
2072 4257 2136 4328 est,
2165 4251 2314 4319 heredet
2335 4271 2406 4319 me

555 4399 691 4466 dietate
713 4399 757 4466 de
781 4400 902 4468 omnia
926 4419 1035 4468 causa
1060 4405 1182 4469 nostra
1204 4401 1371 4469 stabilem
1395 4405 1432 4468 et
1456 4403 1621 4469 mobilem
1645 4357 1787 4489 inipso
1812 4406 1938 4469 sancta
1961 4401 2165 4488 hecclesia,
2199 4405 2235 4470 et
2258 4403 2320 4470 ille
2343 4405 2405 4491 qui

555 4554 678 4638 postea
701 4555 927 4632 remanserit,
945 4558 1051 4623 abeat
1073 4556 1153 4642 ipsa
1175 4555 1316 4643 reliqua
1340 4556 1531 4625 medietate
1555 4557 1688 4644 deipsa
1711 4577 1821 4625 causa
1836 4559 1959 4625 nostra
1981 4557 2019 4624 in
2037 4558 2112 4626 bita
2134 4577 2212 4636 sua,
2231 4561 2268 4627 et
2282 4562 2404 4647 postea

556 4666 723 4774 similiter
747 4707 869 4776 beniat
891 4707 929 4775 in
945 4708 1127 4794 integrum
1143 4709 1183 4776 in
1199 4709 1273 4794 ipsa
1287 4676 1459 4777 iamdicta
1483 4665 1660 4778 liecclesia
1682 4711 1728 4779 ad
1744 4709 2048 4796 sempiternaliter
2063 4712 2275 4791 habendum,
2294 4713 2403 4782 etiam

556 4842 605 4924 er
627 4861 755 4948 quibus
779 4863 873 4928 hanc
897 4863 1036 4929 cartam
1061 4861 1256 4928 offertionis
1278 4862 1479 4948 obligamus
1504 4883 1567 4931 nos
1590 4865 1770 4932 etnostris
1787 4864 1991 4942 heredibus;
2008 4865 2099 4952 quod
2121 4865 2152 4932 si
2169 4884 2232 4933 nos
2247 4869 2405 4936 vibentes

559 5017 624 5080 aut
646 5013 678 5081 si
700 5017 779 5098 post
800 5017 962 5082 nostrum
985 5015 1121 5082 obitum
1145 5015 1416 5104 qualiscumque
1442 5021 1580 5084 nostros
1592 5018 1741 5084 heredes
1766 5019 1831 5084 hoc
1847 5017 1940 5105 quod
1964 5037 2026 5085 nos
2050 5016 2257 5085 inecclesia
2280 5023 2406 5089 sancte

516 5193 520 5200 ·
555 5165 771 5242 offeruimus,
796 5165 827 5233 si
850 5185 913 5234 nos
938 5167 1023 5253 ipsis
1048 5129 1230 5234 remobere
1247 5169 1313 5234 aut
1336 5171 1524 5236 retornare
1547 5169 1794 5256 quesierimus,
1821 5173 1857 5238 et
1880 5173 1925 5238 ab
1947 5171 2108 5252 omnibus
2133 5171 2334 5239 hominibus
2360 5175 2406 5240 ab

555 5309 723 5403 omnique
747 5317 909 5403 partibus
932 5318 1027 5400 ipsos
1051 5337 1072 5386 a
1095 5323 1321 5405 parssancta
1344 5321 1521 5388 hecclesia
1543 5322 1716 5417 filippiet
1738 5323 1853 5390 iacobi
1871 5323 2020 5409 apostoli
2044 5323 2137 5390 etad
2153 5323 2228 5390 eius
2244 5326 2400 5392 rectores

558 5489 628 5537 non
651 5453 964 5550 defensaberimus
982 5476 1019 5540 et
1042 5475 1300 5563 qualiscunque
1324 5475 1474 5543 intentio
1497 5476 1626 5544 exinde
1644 5477 1788 5544 mittere
1812 5477 2098 5564 presunserimus
2113 5496 2177 5564 per
2200 5479 2407 5568 qualiscun-

563 5661 861 5677 omnus—..n—

597 5749 621 5822 ¹l
642 5749 790 5828 Septima.
