5372 7106
621 411 673 483 1b
1299 400 1718 522 usuvennou

562 605 734 672 Preterea
756 605 984 672 consecratus
1008 607 1044 672 et
1067 605 1242 672 contritus
1266 607 1304 671 et
1329 605 1526 674 seminatus
1549 625 1630 674 cum
1654 607 1832 674 frumento
1855 609 1919 676 aut
1940 606 2062 674 ordeo.
2087 607 2151 674 aut
2172 605 2316 694 aliquod
2343 607 2418 674 fru-

565 759 677 825 ctum.
704 760 885 825 ammovet
906 757 950 825 de
974 761 1075 825 terra
1098 753 1310 844 grandinem
1326 761 1363 826 et
1377 777 1517 826 omnem
1541 757 1775 845 perniciosam
1798 759 2059 844 tempestatem.
2086 760 2234 844 Insuper
2252 758 2289 825 in
2309 756 2424 825 vineis

563 913 627 978 aut
649 910 794 978 olibetis
818 910 1016 998 dispersum
1044 913 1190 1000 repellit
1211 931 1352 981 omnem
1375 911 1566 980 exitiosum
1591 912 1762 998 impetum
1787 912 1987 978 ventorum.
2013 912 2053 978 ln
2082 911 2183 978 domo
2215 912 2335 978 autem
2364 930 2424 997 po·

560 1063 651 1130 situs
675 1066 864 1131 conservat
886 1066 932 1131 ab
955 1067 1051 1132 omni
1087 1065 1247 1132 malefico
1270 1067 1307 1132 et
1336 1063 1472 1132 umbris
1502 1063 1758 1132 demoniorum.
1783 1066 1820 1130 et
1842 1063 1944 1130 vanis
1972 1062 2131 1130 somniis.
2163 1065 2201 1130 et
2224 1063 2420 1130 fulminum

560 1214 731 1283 hictibus.
757 1217 796 1282 In
820 1235 912 1284 nave
937 1218 1003 1284 hoc
1026 1217 1057 1284 si
1081 1216 1252 1284 habueris
1275 1218 1428 1284 multum
1453 1219 1632 1285 efficacior
1654 1217 1736 1285 erit.
1763 1219 1813 1302 (l)
1831 1216 1966 1283 resistit
1990 1219 2109 1283 autem
2132 1215 2249 1284 ventis
2273 1218 2311 1283 et
2333 1219 2424 1284 tcm-

560 1370 755 1456 pestatibus
771 1372 808 1437 et
824 1371 1041 1438 turbinibus.
1067 1374 1217 1439 Tantam
1241 1371 1389 1438 sortitus
1405 1372 1459 1438 est
1474 1371 1670 1457 potentiam
1695 1371 1768 1438 iste
1786 1371 1878 1458 lapis
1901 1369 2068 1436 remediis
2091 1372 2222 1437 contra
2248 1369 2415 1438 adversas

559 1525 694 1608 partes.
721 1522 956 1590 consecratus
980 1541 1064 1591 vero
1089 1543 1111 1591 a
1134 1523 1198 1590 deo
1221 1525 1258 1590 et
1281 1523 1417 1590 sanctis
1451 1523 1539 1590 locis
1573 1525 1639 1591 hoc
1664 1525 1904 1590 tutamentum
1930 1525 1969 1589 ut
1992 1523 2040 1589 sit
2069 1521 2273 1589 maximum
2297 1522 2355 1590 dio
2378 1542 2420 1590 ac

558 1678 675 1744 nocte.
701 1683 796 1743 Hora
820 1678 996 1743 nocturna
1021 1677 1077 1742 vel
1101 1675 1244 1744 diurna.
1270 1679 1405 1742 Bonum
1429 1695 1497 1763 que
1521 1676 1716 1762 presidium
1740 1675 1887 1744 corallio
1913 1674 2006 1762 lapis
2029 1677 2147 1743 habet.

602 1829 709 1916 Lapis
733 1831 904 1896 exebeno.
931 1831 1097 1896 Exebeuo
1121 1827 1214 1915 lapis
1238 1829 1342 1896 alvus
1364 1797 1419 1896 est
1442 1839 1479 1894 et
1514 1830 1705 1916 speciosus.
1743 1847 1823 1896 cum
1859 1845 1928 1914 quo
1962 1827 2054 1894 solet
2083 1827 2247 1896 aurifices
2289 1847 2417 1897 aurum

558 1981 764 2069 limpidare.
788 1983 895 2049 curat
918 1983 1039 2048 autem
1062 1981 1294 2047 stomachum.
1319 1979 1477 2046 maxime
1507 1979 1681 2066 inpetum
1705 1998 1891 2066 aspersum
1908 1981 1958 2064 (2)
1996 1999 2077 2048 cum
2100 1999 2203 2066 aqua.
2247 1983 2417 2050 Preterca

557 2133 701 2201 insanos
725 2135 789 2200 aut
812 2150 932 2219 passos
956 2133 1005 2217 (3)
1032 2135 1069 2198 in
1093 2135 1178 2218 potu
1203 2135 1374 2218 persanat
1396 2134 1434 2199 et
1456 2134 1615 2199 amantes
1638 2131 1805 2199 similiter
1828 2131 1867 2199 in
1889 2135 2011 2218 potum
2050 2132 2161 2199 dahis.
2190 2135 2338 2220 Insuper
2370 2135 2416 2202 ad

557 2287 698 2355 veneris
721 2288 902 2373 voluptate
937 2287 1101 2373 congruit
1136 2286 1283 2356 mirifice
1306 2285 1355 2372 (4)
1390 2287 1522 2354 bibitus
1546 2306 1616 2354 non
1655 2287 1792 2372 patitur
1828 2305 1887 2354 eos
1911 2288 2067 2372 fatigare
2098 2285 2146 2353 vi.
2173 2287 2284 2355 Solvit
2305 2291 2416 2356 etiam

560 2439 657 2509 enim
684 2439 820 2508 vescice
844 2440 1044 2507 dolentibus
1079 2442 1129 2526 (5)
1165 2440 1346 2527 aptissime
1370 2440 1466 2506 enirn
1498 2441 1672 2508 subvenit.
1702 2441 1789 2508 Nam
1821 2443 1981 2526 gestatus
2009 2445 2151 2527 partum
2174 2441 2251 2509 sine
2279 2442 2415 2529 egritu-

556 2595 639 2662 dine
663 2600 864 2688 conservat.
892 2598 928 2662 et
951 2597 1179 2664 velocitatem
1204 2596 1379 2683 parientis
1419 2596 1469 2680 (6)
1493 2595 1581 2663 facit
1604 2593 1877 2681 circumligatus
1899 2595 2029 2662 dextro
2052 2598 2186 2664 femore
2209 2595 2411 2682 parturien-

557 2749 614 2814 tis.
641 2753 870 2816 consecratus
894 2753 1103 2836 perpetuam
1128 2749 1445 2818 consecrationem.

599 2903 705 2990 Lapis
729 2904 937 2972 emathiten.
964 2905 1171 2973 Emathiten
1201 2908 1213 2994 (
1239 2908 1251 2985 )
1276 2905 1369 2992 lapis
1394 2907 1448 2973 est
1463 2907 1499 2971 et
1514 2903 1589 2990 ipse
1612 2903 1786 2991 optimum
1809 2903 1939 2971 donum
1963 2906 2097 2972 natura
2120 2905 2247 2972 datum
2271 2908 2325 2972 est
2342 2923 2415 2971 om-

556 3057 663 3126 nibus
686 3077 709 3125 a
731 3058 808 3133 deo.
835 3058 882 3127 ad
906 3077 1047 3126 omnem
1070 3059 1166 3127 enim
1190 3060 1351 3147 corporis
1376 3058 1622 3144 integritatem
1649 3057 1746 3126 utilis
1769 3061 1836 3126 est.
1862 3057 1981 3125 lltiam
2010 3062 2248 3128 tutamentum
2277 3063 2410 3126 honum

554 3213 694 3282 salutis.
720 3215 783 3280 Est
806 3213 902 3281 enim
926 3213 1118 3300 perhennis
1142 3214 1235 3302 lapis
1258 3214 1338 3283 iste.
1367 3216 1429 3282 Est
1451 3214 1563 3282 oculis
1586 3214 1744 3282 maxime
1767 3215 1884 3299 aptus.
1912 3214 2096 3281 oculorum
2123 3215 2408 3282 eventationibus

555 3367 708 3434 contrito
734 3387 815 3435 cum
839 3367 949 3435 attico
972 3369 1080 3435 melle
1104 3387 1175 3435 non
1199 3369 1371 3457 fumigato
1395 3371 1431 3434 et
1455 3365 1611 3436 inuictus
1633 3370 1740 3434 sanat
1754 3371 1791 3436 et
1814 3367 1856 3434 ad
1880 3385 2020 3435 omnem
2044 3367 2203 3435 dolorem
2226 3369 2411 3436 oculorum

553 3520 692 3589 inlusus
715 3541 796 3589 cum
818 3524 912 3590 lacte
935 3521 1096 3590 mulieris
1118 3527 1235 3590 curat.
1260 3523 1430 3589 Preterea
1452 3523 1577 3588 ulcera
1599 3521 1782 3589 oculorum
1806 3523 1843 3587 et
1867 3538 2022 3587 morsum
2045 3521 2195 3606 aguium
2219 3522 2312 3590 idest
2334 3541 2409 3591 ser-

553 3676 713 3760 pentium
740 3676 875 3762 positus
899 3697 979 3745 cum
1004 3696 1099 3766 aqua
1120 3676 1233 3744 omnis
1256 3674 1432 3764 serpentis
1455 3677 1585 3744 vulnus
1608 3675 1740 3743 eximie
1763 3677 2096 3744 sanat.etlluxu1n
2119 3679 2307 3762 sanguinis
2329 3680 2411 3748 sine

553 3827 818 3896 intermissione
841 3829 1030 3898 fluentibus
1053 3831 1208 3917 positum
1231 3832 1338 3900 sanat
1361 3847 1432 3924 eos.
1451 3828 1726 3914 circumligatus
1750 3831 1867 3897 autem
1893 3827 2101 3897 umbilicum
2125 3831 2182 3898 vel
2200 3833 2403 3918 unguendo.

552 3982 618 4047 avit
642 4000 707 4067 per
722 3983 901 4068 potionem
919 3982 1020 4051 dabis
1043 3983 1198 4071 lapidem
1224 3983 1418 4051 curationis
1434 3982 1554 4069 gratia
1576 3981 1730 4069 amplius
1746 4000 1810 4068 per
1826 3981 2049 4050 stillicidiam
2067 3983 2317 4053 munientium
2334 3987 2415 4069 (sic)

556 4134 699 4203 urinam
722 4137 892 4222 persolvit
914 4140 951 4205 et
973 4140 1087 4207 sanat.
1112 4140 1162 4222 (8)

592 4576 643 4658 (l)
666 4576 703 4639 P.
727 4595 744 4638 e
766 4577 803 4637 A.
833 4601 844 4634 v
870 4578 1026 4638 efficacior
1046 4575 1121 4638 eris.
1148 4599 1159 4630 r

592 4721 642 4803 (2)
663 4721 700 4782 P.
730 4746 741 4779 ι
767 4737 918 4799 aspersus
941 4741 953 4776 r
976 4754 1017 4767 -
1039 4721 1077 4782 A.
1105 4744 1116 4776 v
1142 4739 1316 4801 aspersum.
1342 4745 1354 4776 ι

593 4866 641 4946 (3)
663 4866 702 4928 A.
730 4889 741 4920 ι
766 4865 866 4925 lassos
890 4887 917 4926 ι.

464 5025 466 5030 ’
592 5009 642 5091 (d)
664 5010 700 5071 P.
725 5015 849 5090 stampe
872 5015 984 5091 questo
1006 5010 1139 5072 articolo
1161 5009 1230 5071 sino
1252 5009 1314 5071 alla
1334 5009 1444 5090 parole
1465 5011 1612 5089 mirifice.
1636 5013 1674 5073 A.
1712 5007 1870 5075 «hibitus
1891 5034 1952 5078 non
1972 5016 2092 5095 patitur
2122 5035 2177 5078 eos
2197 5019 2339 5097 fatigari.
2366 5045 2378 5077 ι

596 5155 645 5234 (5)
669 5153 705 5215 Ρ.
734 5153 901 5217 «Insolvit
921 5153 1017 5216 etiam
1039 5153 1164 5214 vesicae
1186 5153 1325 5215 dolorem
1350 5177 1361 5208 ι
1386 5156 1424 5216 Α.
1453 5179 1465 5211 ι
1489 5154 1587 5216 Solvit
1610 5157 1708 5218 etiam
1730 5157 1855 5220 vesicae
1875 5159 2026 5222 dolorem.
2053 5185 2064 5216 ι

597 5299 645 5378 (6)
668 5297 704 5360 P.
732 5296 920 5379 «parientis
945 5322 956 5354 ι
980 5335 1020 5346 -
1041 5297 1078 5358 A.
1107 5323 1118 5354 ι
1142 5297 1360 5384 parturientis.
1386 5322 1397 5354 ι

597 5439 646 5522 (7)
668 5441 704 5503 Ρ.
728 5442 924 5505 AEmctbites
946 5446 996 5506 nel
1012 5449 1105 5514 test0;
1127 5445 1159 5506 in
1181 5450 1253 5504 nota
1274 5477 1313 5486 —
1334 5444 1552 5507 Haemnthites
1572 5448 1691 5508 rectius
1710 5469 1775 5521 -3
1798 5449 1836 5510 A.
1859 5447 2072 5512 Hccmctites.

600 5587 649 5666 (8)
671 5586 707 5647 P.
736 5611 747 5644 ι
771 5589 804 5648 in
825 5587 987 5650 oculorum
1010 5588 1275 5658 eventationibus.
1300 5591 1452 5650 contritus
1474 5608 1547 5650 eum
1569 5591 1663 5652 attico
1684 5591 1777 5654 melle
1798 5611 1860 5654 non
1880 5593 2046 5672 fumigalo.
2070 5593 2219 5656 inunctus
2240 5603 2342 5670 sanat;
2365 5605 2415 5660 et

553 5754 565 5788 ι
589 5751 717 5794 ornnem
739 5733 905 5796 oculorum
927 5731 1066 5794 dolorem
1090 5734 1213 5794 inlusus
1237 5753 1308 5793 curn
1328 5733 1411 5794 lacte
1433 5734 1577 5795 mulieris
1599 5739 1715 5806 curat;
1750 5740 1918 5815 praeterea
1941 5739 2047 5801 ulcera
2068 5739 2233 5802 oculorum
2259 5747 2292 5802 et
2317 5762 2417 5805 mor-
