5372 7106
960 511 1043 590 DE
1085 513 1467 594 LAPIDIBUS
2027 525 2077 600 13

283 712 417 782 dellam
441 712 516 782 dat.
541 714 578 780 et
601 713 766 799 epyloras
803 712 985 780 oculorum
1009 715 1116 781 senat
1137 717 1174 781 et
1198 717 1329 781 motum
1354 715 1497 786 frontis.
1523 717 1621 784 Etsi
1650 716 1688 783 in
1711 717 1850 785 viscera
1873 718 2046 786 torsiones
2069 721 2133 788 ha-

287 865 405 935 buerit
427 885 507 934 cum
532 865 626 934 lacte
649 866 792 952 potatus
817 864 864 950 (1)
887 865 1005 932 sanat.
1030 867 1067 932 et
1089 863 1119 932 si
1143 865 1221 953 quis
1245 870 1394 935 vulnum
1419 869 1589 936 intestina
1612 869 1791 950 habuerit,
1811 871 1896 939 trito
1914 871 2032 958 lapide
2047 891 2127 940 cum

281 1021 377 1088 lacte
402 1017 669 1106 circumunguis
692 1017 900 1085 intestinum
924 1020 961 1085 et
983 1017 1183 1086 sanabitur.
1210 1019 1245 1086 Si
1269 1021 1348 1108 quis
1372 1023 1491 1088 autem
1515 1022 1642 1107 lingua
1658 1003 1810 1089 vexatus
1834 1023 1942 1091 tuerit
1964 1021 2133 1090 similiter

280 1175 435 1242 contrito
459 1192 500 1240 eo
523 1173 643 1260 lapide
667 1173 753 1240 linis
776 1174 904 1260 lingua
927 1174 963 1239 et
986 1174 1173 1241 curabitur
1195 1192 1331 1240 summe
1356 1177 1419 1258 (2).
1445 1175 1570 1241 Omnia
1591 1194 1729 1262 quoque
1753 1179 1889 1246 ulcera.
1915 1177 1962 1264 (3)
1985 1177 2059 1244 sive
2077 1195 2131 1244 re-

287 1329 407 1396 centia
429 1328 504 1396 sive
526 1327 728 1395 inveterata
751 1329 853 1394 curat
875 1325 996 1394 eodem
1032 1326 1173 1394 modum
1208 1325 1383 1393 contritus
1406 1328 1443 1394 et
1464 1328 1729 1412 superhunctus
1752 1347 1832 1395 oum
1864 1331 1969 1397 lacte.
1995 1330 2132 1398 resistit

279 1484 401 1549 autem
426 1481 469 1548 ad
492 1497 632 1547 omnem
658 1478 829 1546 invidiam
855 1475 1055 1544 venientem
1079 1479 1129 1560 (4)
1153 1480 1190 1544 et
1212 1496 1339 1564 corpus
1364 1481 1563 1546 conservat.
1583 1479 1774 1546 sedetiam
1797 1484 1939 1548 sanctos
1962 1483 2026 1550 deo
2049 1503 2132 1570 pro

281 1637 391 1724 pitius
413 1636 500 1706 lacit
524 1637 688 1722 preclare
716 1653 796 1702 cum
820 1633 1092 1720 imperationem
1109 1633 1159 1718 (5)
1175 1635 1212 1700 et
1227 1635 1410 1702 honorem.
1438 1637 1555 1702 Faciat
1571 1637 1691 1702 sutem
1715 1638 1749 1702 et
1765 1636 1810 1703 ad
1827 1637 2052 1706 divinitatem
2070 1658 2135 1726 per

280 1807 411 1876 aquam
437 1789 646 1873 intellegere
669 1789 796 1854 sancta
821 1803 1003 1872 responsa.
1030 1783 1272 1853 divinantibus
1295 1801 1434 1872 quoque
1458 1785 1563 1852 valde
1585 1787 1739 1872 optimus
1754 1792 1819 1856 est.
1840 1791 1928 1856 Nam
1945 1791 2004 1877 qui
2024 1741 2134 1860 habet

279 1961 363 2010 eum
388 1942 584 2029 perlectum
608 1938 646 2004 in
670 1941 817 2006 formam
842 1937 995 2005 scarabii
1021 1938 1071 2021 (6)
1106 1936 1228 2004 omnia
1262 1955 1346 2004 vero
1379 1937 1597 2005 divinabitur
1620 1942 1657 2005 et
1679 1939 1800 2006 tidelia
1824 1941 2057 2008 habebuntur.
2089 1943 2134 2008 Et

279 2091 466 2182 placabilis
488 2095 560 2161 erit
582 2093 646 2160 deo
670 2095 707 2158 et
729 2079 931 2158 hominibus
956 2089 1018 2178 qui
1042 2091 1138 2156 hunc
1161 2091 1281 2174 gestat
1303 2109 1383 2157 cum
1407 2090 1583 2158 castitate.

323 2247 429 2334 Lapis
451 2243 629 2332 epistites.
656 2243 829 2330 Epistiten
854 2245 974 2310 autem
998 2242 1091 2326 lapis
1114 2244 1168 2308 est
1192 2241 1412 2308 rubicundus
1436 2249 1470 2307 et
1493 2241 1689 2309 delucidus.
1709 2242 1876 2309 Nascitur
1901 2263 1983 2310 vero
2008 2243 2048 2311 in
2072 2263 2130 2312 co·

279 2401 401 2470 rintho
423 2399 517 2486 apud
541 2400 711 2484 templum
735 2397 803 2464 dei.
828 2399 938 2465 habet
961 2399 1080 2464 autem
1099 2397 1255 2504 virtutes.
1267 2396 1355 2464 istas
1379 2395 1569 2462 maximas.
1588 2387 1656 2461 Iste
1679 2395 1771 2482 lapis
1795 2395 1922 2463 missus
1944 2397 2129 2484 inaquam

277 2558 472 2625 ferbentem
497 2553 665 2620 continuo
688 2551 882 2620 temdorem
908 2553 986 2636 (sio)
1012 2550 1131 2620 reddit
1154 2552 1218 2635 (7).
1244 2549 1280 2617 Si
1303 2551 1424 2617 autem
1448 2549 1653 2635 permiseris
1685 2569 1765 2619 eum
1798 2557 1835 2620 in
1859 2571 1954 2640 aqua
1977 2571 2053 2620 esse
2078 2557 2129 2639 (8)

273 2729 416 2778 omnem
432 2708 595 2776 ardorem
612 2706 718 2773 tollet
733 2708 770 2772 et
786 2703 955 2790 frigidam
969 2722 1098 2790 aquam
1115 2701 1213 2770 lacit.
1223 2703 1330 2770 Istum
1346 2721 1429 2768 vero
1446 2701 1603 2790 lapidem
1619 2705 1792 2772 habentes
1807 2705 1957 2772 malefici
1975 2695 2132 2775 removet

278 2885 302 2932 a
325 2864 501 2933 fructibus
523 2859 719 2948 grandines
743 2861 780 2926 et
802 2861 948 2926 nebulas
971 2859 1007 2924 et
1030 2857 1191 2923 turbines
1228 2858 1372 2923 nocivas
1395 2856 1456 2923 sed
1479 2863 1516 2922 et
1545 2859 1709 2924 locustas.
1747 2861 1792 2924 Et
1826 2858 1932 2926 deum
1956 2859 2132 2946 propitius

276 3019 366 3087 facit
388 3035 453 3104 per
476 3033 577 3082 suam
600 3012 810 3100 potentiam.
828 3012 1000 3078 Preterea
1015 3028 1095 3075 cum
1113 3007 1245 3074 retinet
1267 3025 1349 3074 eum
1374 3006 1505 3093 aliquis
1522 3006 1560 3073 in
1577 3025 1684 3074 mauu
1709 3007 1858 3074 dextera
1878 3010 2003 3074 contra
2019 3011 2129 3076 solem

278 3171 399 3240 radios
422 3169 572 3237 emittet.
609 3175 644 3236 et
667 3167 788 3254 ignem
811 3165 952 3232 evomet
973 3180 1040 3230 sue
1063 3162 1245 3229 voluntate
1269 3163 1306 3227 et
1329 3160 1488 3228 videntes
1512 3160 1700 3228 mirentur.
1727 3162 1840 3247 Aptus
1863 3163 1917 3229 est
1940 3164 2060 3229 autem
2084 3163 2130 3231 ad

277 3325 497 3414 potentiores
519 3323 556 3389 et
578 3319 773 3388 seditiosos.
811 3319 902 3384 Nam
927 3314 987 3404 qui
1010 3317 1130 3402 portat
1153 3334 1234 3382 eum
1269 3315 1505 3382 tutamentum
1542 3313 1638 3382 circa
1660 3314 1807 3382 sinistro
1838 3317 1982 3384 brachio
2005 3335 2131 3384 omnes

274 3479 493 3568 asperitates
515 3477 552 3542 et
574 3491 695 3542 omnes
718 3472 842 3538 turbas
865 3467 1096 3554 contempnit.

319 3634 426 3720 Lapis
448 3631 591 3699 ortiten.
617 3627 757 3694 Ortiten
780 3642 866 3691 vero
887 3622 977 3708 lapis
999 3625 1054 3690 est
1076 3622 1193 3710 specie
1217 3642 1289 3690 non
1311 3623 1530 3709 nigerrimus
1554 3623 1726 3692 rotundus
1742 3643 1847 3711 quem
1865 3624 1931 3692 alii
1954 3623 2126 3692 sideriten

275 3791 415 3854 vocant.
442 3786 555 3872 Aptus
579 3787 633 3851 est
657 3785 776 3850 autem
802 3778 950 3847 curandi
974 3795 1111 3844 morsus
1135 3779 1350 3846 bestiarum.
1376 3777 1550 3846 contritus
1574 3778 1670 3846 enim
1693 3782 1730 3874 et
1752 3777 2019 3864 superillinitus
2042 3797 2123 3846 cum

273 3958 375 4008 roseo
399 3937 581 4023 unguento
605 3951 715 4020 super
738 3931 885 3998 vulnera
908 3927 1101 3996 bestiarum
1137 3929 1357 3998 validissime
1380 3933 1498 3998 curat.
1524 3929 1590 3998 Sed
1613 3935 1650 4000 et
1673 3949 1801 3999 nervos
1831 3930 2021 4017 coniungit
2043 3929 2124 3998 alli·

273 4093 394 4179 gatus.
419 4091 455 4158 Si
478 4089 558 4176 quis
581 4089 790 4154 homocum
813 4101 932 4150 secum
957 4082 1126 4148 habuerit
1147 4100 1285 4150 omnem
1312 4083 1506 4151 bestiarum
1541 4083 1712 4169 impetum
1737 4083 1897 4171 expellit.
1930 4085 2025 4152 huno
2048 4101 2131 4170 por·

270 4246 392 4313 tantos
416 4242 514 4328 magi
537 4259 603 4328 per
625 4237 856 4306 solitudinem
880 4235 949 4302 iter
973 4233 1115 4300 iaciunt
1136 4242 1171 4302 et
1195 4254 1267 4302 non
1299 4235 1474 4302 vexantur
1497 4253 1520 4302 a
1543 4236 1641 4302 seris.
1668 4238 1730 4304 Est
1753 4254 1838 4304 vero
1859 4239 1896 4306 et
1918 4237 2012 4304 alter
2035 4236 2129 4324 lapis

315 4649 363 4731 (l)
385 4651 421 4712 P.
449 4673 461 4706 ι
486 4667 558 4708 cum
580 4647 661 4707 lacto
682 4643 817 4726 positus.
843 4665 854 4700 ι

313 4791 364 4874 (2)
388 4793 424 4852 P.
446 4791 481 4850 P.
506 4808 523 4848 e
545 4789 583 4848 A.
612 4811 624 4844 e
648 4786 797 4846 similitor
818 4804 858 4846 ex
881 4783 1015 4844 contrito
1039 4781 1142 4862 lapide
1166 4780 1239 4840 linis
1262 4780 1412 4858 linguam,
1434 4785 1466 4841 et
1489 4779 1668 4841 curabitur.
1694 4803 1705 4834 ι

312 4936 363 5018 (3)
386 4936 421 4997 Ρ.
446 4954 463 4996 e
485 4935 523 4994 A.
552 4931 732 4992 «vulnera.
758 4953 770 4984 ι

312 5080 362 5162 (l)
385 5081 421 5141 P.
445 5099 463 5140 e
486 5079 524 5140 A.
552 5101 563 5135 ι
588 5077 804 5137 vehementer.
830 5098 842 5129 ι

312 5227 328 5308 (

329 5227 363 5307 5)
385 5226 420 5287 P.
444 5225 483 5284 ed
505 5224 543 5285 A.
572 5246 583 5279 ι
608 5219 669 5283 Sed
690 5222 787 5281 etiam
809 5223 933 5280 sanctos
954 5216 1029 5277 deos
1050 5215 1200 5296 propitios
1222 5216 1298 5277 lacit
1313 5215 1485 5296 'praeclara
1506 5235 1578 5276 oum
1600 5217 1821 5296 impetratione
1842 5223 1873 5277 et
1895 5217 2024 5280 bonore.
2051 5241 2062 5274 ι

311 5371 361 5453 (6)
385 5371 421 5432 P.
449 5393 461 5427 r
484 5367 650 5430 scarabaei
675 5389 687 5420 ι
711 5401 751 5411 -
772 5365 810 5425 Α.
837 5387 850 5420 r
874 5361 1031 5424 scarabei.
1058 5385 1069 5416 ι

312 5517 326 5596 (

329 5517 361 5595 7)
384 5515 420 5578 Ρ.
446 5535 463 5575 e
485 5513 523 5576 A.
551 5538 563 5570 r
586 5512 774 5592 lepidiorem
796 5507 910 5572 reddit.
937 5531 949 5563 ι

314 5655 361 5737 (8)
383 5657 421 5719 P.
452 5680 464 5714 ι
488 5655 516 5717 si
538 5657 645 5716 autem
667 5651 852 5734 permiseris
873 5669 945 5710 eum
968 5651 1001 5710 in
1022 5667 1103 5727 aqua
1126 5648 1242 5728 (lique)
1265 5648 1343 5710 fieri.
1370 5672 1381 5703 ι
1407 5649 1444 5708 A.
1472 5673 1484 5705 ι
1507 5649 1540 5710 Si
1556 5653 1662 5710 autem
1685 5650 1867 5729 permiseris
1882 5669 1955 5712 eum
1978 5651 2009 5712 in
2030 5667 2111 5732 apua

261 5803 350 5868 fiori.
376 5825 388 5860 r
