5398 7106
620 451 691 528 218
1239 454 1415 531 GODEX
1442 451 1716 534 carbasis

571 649 619 717 da
642 649 681 717 13
706 649 869 716 cisterna
893 652 930 716 et
952 649 999 717 da
1021 649 1097 736 ipso
1136 653 1356 721 abellanieta
1379 671 1443 721 suo
1466 653 1505 721 in
1528 672 1664 740 supra,
1703 653 1831 722 inclita
1868 655 2022 722 sortione
2051 673 2117 722 sua
2141 672 2210 741 que
2233 651 2372 739 legibus
2394 651 2429 717 ei

573 803 720 870 ebenirc
744 802 920 870 debuerat
943 803 988 872 da
1013 804 1234 872 consortibus
1258 807 1295 872 et
1317 805 1363 873 da
1386 805 1542 874 iermani
1564 807 1648 884 sui,
1686 806 1853 875 inclitum
1876 805 1967 875 issud
2005 807 2118 894 ipsius
2140 802 2314 874 nominati
2336 803 2432 893 petri

570 960 608 1024 et
629 957 790 1026 nucerini
837 957 1147 1036 benumdederat,
1184 957 1278 1025 sicut
1315 960 1459 1027 cartula
1498 959 1575 1043 ipsa
1612 958 1785 1028 continet.
1825 957 1966 1044 Scripta
2004 957 2084 1044 ipsa
2106 957 2249 1024 cartula
2271 974 2336 1042 per
2370 973 2432 1042 pe·

570 1115 648 1182 trus
671 1113 974 1200 protonotarius,
1014 1113 1051 1178 et
1073 1113 1206 1180 ibidem
1231 1113 1393 1182 testanti.
1419 1131 1485 1200 ego
1526 1111 1710 1182 iohannes.
1737 1116 1778 1181 In
1800 1133 1841 1181 oc
1866 1131 1932 1200 ego
1955 1114 2080 1199 petrus
2118 1113 2273 1180 affirmo.
2312 1107 2436 1176 Tertia

570 1269 674 1334 carta
697 1267 914 1335 continebat.
943 1270 982 1335 In
1004 1268 1149 1336 nomine
1173 1267 1308 1342 domini
1333 1267 1500 1335 bicesimo
1523 1269 1624 1335 sexto
1648 1285 1742 1335 anno
1766 1267 1991 1354 principatus
2014 1265 2150 1334 salerni
2173 1261 2294 1332 domni
2317 1263 2433 1330 nostri

569 1421 792 1508 guaimarii,
832 1426 870 1489 et
899 1425 1001 1491 sexto
1036 1441 1131 1490 anno
1165 1421 1388 1508 principatus
1435 1422 1511 1489 eius
1535 1441 1662 1508 capue,
1696 1425 1734 1488 et
1757 1423 1887 1509 quarto
1911 1440 2004 1488 anno
2035 1421 2186 1488 ducatus
2209 1419 2286 1486 3333
2310 1419 2431 1486 amalfi

569 1578 607 1642 33
642 1579 841 1654 33333333,
883 1580 921 1644 33
958 1575 1113 1644 secundo
1152 1593 1246 1642 anno
1285 1575 1509 1663 principatus
1546 1575 1668 1644 domni
1691 1577 1805 1644 nostri
1828 1577 1949 1662 gisulfi
1972 1575 2048 1643 eius
2084 1574 2150 1642 dlii
2188 1573 2430 1657 gloriosorum

570 1731 897 1816 suprascriptorum
921 1709 1047 1798 eximii
1070 1729 1245 1817 principis
1269 1733 1306 1797 et
1328 1730 1456 1806 ducis,
1497 1748 1604 1816 quam
1628 1733 1666 1797 33
1688 1730 1802 1817 primo
1841 1750 1935 1799 anno
1965 1697 2116 1798 ducatus
2140 1729 2285 1797 illorum
2309 1729 2431 1815 apulei

527 1857 529 1860 ¹
564 1883 1210 1983 3333133333,3333333333333,
1236 1883 1450 1951 duodecima
1487 1884 1699 1952 indictione.
1737 1886 1868 1952 mulier
1892 1885 2034 1980 nomine
2058 1852 2198 1952 delecta
2219 1883 2296 1950 filia
2320 1902 2435 1970 quon-

571 2038 657 2105 dam
695 2039 858 2106 mansoni
896 2040 1092 2116 monachi,
1130 2057 1199 2125 333
1222 2037 1349 2125 primis
1386 2039 1457 2106 suit
1495 2059 1588 2106 uxor
1626 2041 1781 2108 maraldi
1815 2041 1880 2107 filii
1916 2040 2096 2128 quondam
2132 2037 2297 2105 iohannis
2320 2038 2431 2114 bassi,
2481 2061 2492 2082 ·

570 2196 609 2260 33
631 2193 730 2260 modo
753 2211 832 2258 sum
855 2192 1091 2279 posteriorem
1120 2211 1269 2260 uxorem
1292 2193 1456 2260 maranci
1495 2192 1606 2260 iudici
1643 2193 1710 2259 filii
1733 2193 1912 2278 quondam
1937 2193 2124 2270 maranci,
2153 2189 2433 2260 claresaciebam

568 2344 734 2430 quoniam
765 2343 802 2411 in
831 2345 995 2410 omnibus
1021 2347 1128 2412 rebus
1158 2344 1358 2430 supradicti
1375 2343 1543 2420 maraldi;
1562 2344 1624 2431 qui
1656 2347 1776 2411 suerat
1806 2346 1906 2433 prius
1923 2347 1999 2412 biro
2021 2347 2203 2422 sumeret
2222 2343 2433 2431 indeperti-
2454 2317 2457 2324 ¹

570 2501 677 2564 33333
700 2500 806 2564 abere
830 2501 998 2584 quartam
1022 2503 1163 2583 partem
1180 2497 1224 2564 de
1240 2499 1402 2574 casisab
1425 2499 1524 2566 intus
1540 2499 1765 2566 firmamento
1788 2499 1936 2566 nucerio
1950 2516 2015 2585 per
2030 2517 2136 2566 suum
2151 2499 2294 2565 firmum
2317 2496 2437 2583 scrip·

570 2651 646 2716 tum
670 2651 894 2738 morgincap,
919 2654 957 2718 et
981 2653 1059 2738 ipsa
1082 2651 1255 2719 iamdicta
1278 2651 1410 2719 mulier
1433 2651 1632 2720 donaberat
1654 2654 1692 2720 et
1713 2652 1939 2720 confirmabit
1962 2653 2121 2738 ipsorum
2144 2653 2252 2739 petri,
2275 2655 2312 2719 et
2336 2651 2432 2719 bassi

569 2805 732 2887 germani
753 2805 821 2872 dlii
844 2806 1024 2892 quondam
1048 2805 1214 2872 nucerini
1251 2809 1288 2870 et
1311 2805 1357 2871 ad
1382 2805 1510 2872 mulier
1536 2805 1679 2873 nomine
1702 2806 1821 2872 maria
1842 2805 2023 2892 genitrice
2046 2805 2217 2883 illorum,
2259 2824 2329 2893 333
2355 2807 2431 2874 fuit

570 2975 720 3026 uxorem
742 2950 902 3045 garoiali
924 2957 1170 3046 suprascripto
1193 2961 1352 3044 genitore
1376 2961 1499 3025 nostro
1524 2962 1599 3026 tota
1629 2962 1666 3026 et
1688 2958 1817 3027 inclita
1838 2959 1918 3048 ipsa
1955 2963 2087 3047 quarta
2109 2979 2175 3028 sua
2198 2961 2242 3028 de
2265 2960 2435 3028 omnibus

571 3115 688 3188 rebus,
715 3130 783 3198 que
807 3112 877 3179 suit
899 3111 1013 3199 ipsius
1037 3068 1191 3179 maraldi
1215 3113 1336 3197 priore
1362 3111 1551 3191 hircano,
1591 3114 1682 3200 quod
1705 3114 1794 3181 illud
1817 3115 1919 3183 abuit
1943 3133 2007 3201 per
2044 3115 2222 3182 bocabulis
2243 3109 2297 3182 'et
2319 3115 2434 3202 perti-

518 3347 520 3350 ,
570 3265 703 3334 3333333
727 3265 808 3334 3333
832 3266 992 3345 3333333,
1018 3269 1138 3334 monte
1162 3269 1199 3334 33
1220 3267 1342 3352 plano,
1367 3269 1405 3332 33
1427 3267 1470 3334 (13
1491 3268 1586 3335 33333
1609 3267 1754 3336 abintus
1778 3269 1951 3345 3333333,
1979 3269 2036 3337 331
2061 3269 2274 3357 ubicumque
2297 3268 2436 3338 exinde

569 3421 738 3488 iubentus
761 3420 901 3488 dederit
923 3419 966 3487 dc
989 3420 1068 3505 ipsa
1091 3422 1223 3507 quarta
1245 3438 1312 3486 sua
1335 3420 1379 3487 de
1403 3421 1568 3490 inclitum
1594 3421 1740 3490 illorum
1763 3423 1964 3491 donaberat
1978 3423 2137 3510 ipsorum
2160 3423 2322 3510 predicto
2345 3441 2434 3508 ger-

571 3591 677 3641 mano
702 3574 818 3641 tribus
841 3572 1059 3642 sortionibus
1083 3575 1120 3641 33
1142 3573 1305 3661 predicta
1328 3573 1445 3641 maria
1469 3577 1637 3660 quartam
1660 3595 1746 3662 pars
1770 3577 1936 3652 tantum,
1972 3577 2206 3663 septuaberat
2228 3575 2361 3644 exinde
2384 3575 2435 3642 de

451 3708 454 3716 ¹
570 3727 648 3814 ipsa
670 3732 804 3814 quarta
826 3746 921 3806 sua,
948 3728 1042 3816 quod
1065 3747 1189 3796 eorum
1214 3746 1285 3796 non
1307 3728 1507 3797 donaberat
1529 3728 1621 3796 illud
1644 3727 1687 3798 dc
1710 3726 1788 3816 ipsa
1810 3747 1896 3797 casa
1918 3733 1956 3796 et
1977 3729 2024 3798 da
2048 3729 2297 3806 barbacianu‚
2328 3728 2432 3817 quod

569 3885 704 3950 emtum
726 3882 855 3950 habuit
876 3885 1001 3969 petrus
1025 3882 1185 3950 clericus
1209 3901 1274 3968 per
1296 3883 1401 3950 firma
1422 3885 1569 3951 cartula
1592 3887 1629 3950 33
1652 3884 1922 3971 aliquantulum
1945 3883 1991 3950 de
2017 3929 2177 3960 .....
2202 3882 2246 3949 de
2269 3881 2355 3968 pede
2378 3881 2431 3949 de

570 4036 721 4103 castello
744 4035 909 4116 nucerio,
935 4037 1028 4125 quod
1052 4037 1147 4105 unde
1170 4037 1379 4124 supradicta
1400 4039 1532 4106 mulier
1556 4039 1674 4126 recepi
1699 4058 1810 4109 unum
1833 4057 1983 4106 aureum
2008 4037 2082 4105 tari
2105 4039 2152 4106 da
2175 4037 2366 4105 ferrandus
2393 4038 2438 4104 fi-

572 4189 644 4258 lius
667 4191 847 4277 quondam
872 4191 1062 4260 romoaldi.
1090 4195 1179 4260 Nam
1203 4192 1364 4260 aliosde
1387 4193 1503 4261 omnis
1527 4197 1647 4272 rebus,
1672 4194 1765 4282 quod
1786 4213 1898 4281 supra
1920 4193 2079 4261 diximus
2095 4192 2307 4280 ubicumque
2323 4193 2438 4261 exin·

571 4348 615 4415 de
635 4348 803 4414 inbentus
827 4345 967 4414 dederit
989 4347 1032 4415 de
1055 4326 1134 4433 ipsa
1156 4349 1324 4434 quartam
1347 4347 1509 4432 portione
1546 4366 1612 4416 sua
1635 4346 1799 4415 inclitum
1822 4346 1913 4414 illud
1951 4347 2109 4432 ipsorum
2146 4345 2241 4433 petri
2263 4347 2301 4412 et
2326 4346 2434 4414 bassi

569 4499 736 4587 germani
758 4503 796 4569 ct
820 4500 938 4568 maria
966 4503 1082 4568 mater
1104 4499 1229 4569 3313133
1252 4501 1452 4568 donaberat
1474 4500 1569 4569 sicut
1583 4502 1662 4589 ipsa
1685 4502 1829 4570 cartula
1851 4501 2020 4580 continet
2039 4519 2109 4590 333
2131 4501 2268 4587 scripta
2292 4503 2348 4568 est
2363 4481 2439 4588 per

570 4656 693 4742 petrus
716 4653 982 4742 protonotarius
1004 4657 1041 4721 et
1064 4657 1247 4722 roborata.
1273 4672 1339 4740 ego
1363 4654 1426 4741 qui
1448 4673 1560 4741 supra
1582 4654 1756 4722 maranci.
1782 4656 1857 4740 Ego
1880 4655 2077 4723 dauferius.
2106 4657 2243 4734 Quarta
2273 4656 2439 4722 cartula

570 4811 624 4876 est
646 4809 853 4876 continente
877 4807 923 4875 (13
947 4825 1038 4874 anno
1063 4807 1232 4874 bicesimo
1255 4773 1386 4893 quarto
1409 4807 1636 4893 principatus
1659 4805 1781 4875 domni
1805 4808 1919 4874 nostri
1942 4805 2137 4892 guaimarii
2164 4809 2250 4874 eius
2273 4807 2436 4885 salerni,

570 4963 608 5030 et
630 4965 759 5050 quarto
783 4982 878 5030 anno
902 4963 979 5030 eius
1003 4981 1129 5048 capue,
1155 4963 1218 5029 het
1233 4963 1341 5031 tertio
1364 4981 1459 5030 anno
1480 4963 1633 5030 ducatus
1656 4963 1733 5030 eius
1750 4963 1873 5031 amalfi
1887 4966 1924 5030 et
1939 4964 2148 5030 surrentum
2164 4962 2312 5047 gloriosi
2328 4965 2441 5049 prin·

571 5117 673 5204 cipis,
700 5135 819 5184 mense
841 5119 1054 5202 september,
1080 5117 1220 5186 decima
1242 5111 1451 5186 indictione.
1478 5119 1644 5206 Ideoque
1666 5135 1733 5204 ego
1757 5117 1888 5185 mulier
1911 5115 2054 5184 nomine
2070 5077 2188 5184 maria
2209 5115 2287 5184 ntia
2310 5135 2439 5204 quon-

457 5367 462 5376 ·
573 5271 655 5339 dam
679 5271 824 5348 falconi,
850 5275 978 5359 etque
1003 5272 1134 5360 primis
1156 5273 1225 5342 suit
1250 5293 1341 5342 uxor
1364 5273 1543 5360 quondam
1567 5273 1759 5349 nucerini,
1785 5272 1847 5360 qui
1870 5271 2056 5372 suitfilius
2079 5271 2228 5338 iohanni
2252 5271 2364 5350 bassi,
2399 5275 2446 5340 et

573 5422 673 5490 modo
696 5441 774 5490 sum
798 5443 891 5491 uxor
914 5424 1070 5510 garosali
1094 5426 1237 5494 deloco
1261 5389 1438 5501 Iocalanu,
1464 5424 1659 5492 clarefacio
1683 5423 1853 5512 quoniam
1878 5443 1900 5492 a
1923 5442 2009 5510 pars
2032 5422 2145 5510 ipsius
2161 5423 2345 5502 nucerino,
2366 5423 2443 5512 qui

573 5576 641 5646 1333
663 5573 780 5663 priore
804 5580 882 5645 biro
904 5597 1014 5655 meus,
1032 5578 1121 5646 mihi
1145 5579 1304 5666 pertinet
1326 5580 1460 5648 habere
1484 5583 1653 5668 quartam
1675 5580 1818 5666 partem
1842 5597 1905 5666 per
1929 5597 2046 5647 meum
2062 5576 2236 5663 scriptum
2260 5578 2434 5664 morginr

569 5747 648 5817 cap,
674 5730 830 5818 qualiter
854 5731 942 5799 mihi
966 5731 1141 5799 traditum
1163 5731 1233 5800 nit
1254 5752 1320 5822 per
1343 5733 1459 5822 ipsum
1485 5733 1699 5802 nucerinum
1726 5733 1804 5803 biro
1829 5752 1929 5802 meus
1952 5735 1989 5801 in
2012 5733 2072 5801 dio
2094 5735 2216 5800 nostre
2230 5731 2447 5818 copulatio-
