5452 7108
1281 523 1456 598 ubbux
1491 505 1757 594 Ohvurlsls

1401 892 1613 975 MLXII

1371 1207 1431 1283 A.
1458 1205 1514 1280 D.
1544 1205 1667 1282 1046

637 1498 664 1592 †
688 1501 727 1568 ln
749 1503 891 1570 nomine
914 1504 1048 1573 domini
1072 1507 1237 1574 vicesimo
1261 1506 1411 1575 hoctabo
1435 1507 1528 1574 anno
1551 1506 1773 1593 principatus
1796 1503 1931 1571 salerni
1957 1502 2077 1570 domni
2108 1501 2220 1570 nostri
2251 1499 2446 1586 guaimarii

593 1651 739 1738 gloriosi
762 1654 957 1742 principis,
983 1661 1020 1724 et
1042 1663 1166 1728 octaba
1191 1680 1284 1728 anno
1301 1661 1524 1749 principatus
1539 1660 1615 1727 eius
1631 1677 1742 1745 capue
1757 1661 1794 1725 et
1808 1659 1958 1726 ducatus
1973 1658 2105 1735 amalfi,
2123 1661 2159 1723 et
2178 1657 2326 1744 septimo
2350 1675 2444 1724 anno

593 1804 742 1874 ducatus
754 1807 853 1876 illius
864 1809 1035 1889 sirrentu,
1046 1817 1083 1879 et
1094 1815 1218 1902 quinto
1231 1834 1325 1882 anno
1337 1815 1660 1902 suprascriptorum
1672 1813 1937 1903 principatuum
1947 1815 1983 1880 et
1993 1812 2186 1879 ducatuum
2198 1811 2317 1878 domni
2329 1809 2450 1896 gisulfi

593 1963 670 2031 eius
692 1963 743 2032 dli
766 1966 876 2033 eximi
899 1967 1070 2054 principis
1094 1971 1131 2035 ct
1153 1969 1265 2048 duciS,
1292 1972 1338 2036 et·
1351 1972 1480 2056 quarto
1504 1987 1598 2036 anno
1622 1968 1771 2036 ducatus
1787 1965 1931 2032 illorum
1952 1963 2071 2051 apulie
2086 1966 2123 2028 et
2137 1961 2308 2038 calabrie,
2327 1979 2447 2028 mense

594 2121 739 2207 aprelis,
766 2121 1034 2209 quartadecima
1057 2121 1262 2188 indictione.
1289 2121 1579 2188 Memoratorium
1603 2124 1736 2189 factum
1760 2141 1783 2188 a
1805 2119 1905 2188 nobis
1928 2107 2049 2206 petrus
2063 2117 2159 2185 lilius
2179 2117 2356 2204 quondam
2373 2115 2448 2182 ursi

594 2272 784 2358 ardingum
808 2276 844 2339 et
866 2273 1031 2359 iaquintu
1055 2275 1149 2341 riona
1171 2275 1266 2342 filius
1290 2276 1468 2362 quondam
1492 2276 1585 2361 petri
1609 2275 1778 2342 abitatori
1802 2275 1844 2342 de
1868 2277 1944 2342 loco
1968 2273 2127 2342 nuceria.
2154 2275 2245 2340 Ante
2268 2273 2376 2338 testes
2400 2269 2446 2337 ad

595 2425 785 2491 tenendum
808 2427 845 2491 et
867 2427 1102 2494 laborandum
1127 2427 1277 2495 tradidit
1301 2429 1402 2496 nobis
1425 2429 1575 2496 domnus
1598 2427 1746 2494 alferius
1769 2425 1938 2493 diaconus
1961 2424 2238 2511 archipresbiter
2269 2426 2306 2490 et
2336 2424 2447 2492 abbas

594 2577 741 2644 ecclesie
753 2579 868 2646 saneti
872 2578 1039 2656 maximi,
1055 2581 1146 2666 quod
1170 2583 1224 2647 est
1242 2581 1439 2648 dominium
1455 2582 1566 2668 ipsius
1582 2581 1741 2656 ecclesie,
1757 2598 1814 2646 res
1826 2579 2027 2666 pertinente
2043 2579 2200 2647 eiusdem
2214 2578 2362 2646 ecclesie
2379 2595 2447 2663 que

594 2734 678 2800 abet
700 2712 738 2800 in
761 2734 877 2800 locum
901 2753 1014 2818 angre
1037 2734 1098 2800 ubi
1122 2737 1347 2802 casamabele
1371 2736 1516 2814 dicitur,
1534 2757 1602 2824 que
1618 2725 1681 2804 est
1696 2757 1752 2804 res
1775 2739 1853 2824 ipsa
1876 2739 1975 2804 terra
1993 2757 2082 2802 cum
2114 2737 2299 2802 arbustum
2331 2735 2445 2800 otest

594 2907 658 2975 per
679 2887 760 2954 finis
783 2889 820 2953 et
842 2905 1041 2954 mensuras.
1060 2889 1089 2954 Α
1113 2893 1216 2974 parte
1240 2889 1390 2957 orientis
1413 2890 1482 2956 sme
1507 2891 1613 2956 rebus
1637 2889 1757 2974 ipsius·
1771 2888 1931 2967 ecclesie,
1958 2889 2049 2956 unde
2072 2889 2134 2956 bia
2160 2887 2238 2963 fuit,
2257 2886 2339 2954 inde
2366 2888 2450 2952 sunt

503 3089 508 3100 ·
595 3045 689 3132 passi
713 3047 854 3112 centum
879 3045 1078 3132 nonaginta
1102 3049 1272 3131 quattuor
1296 3065 1407 3130 usque
1431 3047 1492 3112 bia
1515 3065 1582 3131 que
1606 3044 1706 3112 modo
1729 3064 1767 3111 se
1790 3045 1952 3132 andaet
1966 3063 2030 3130 per
2052 3043 2130 3130 ipsa
2146 3042 2206 3108 bia
2221 3043 2392 3127 pergente
2408 3039 2446 3106 in

596 3201 698 3283 parte
721 3197 869 3264 meridie
893 3217 1003 3282 usque
1027 3199 1102 3266 alia
1125 3200 1185 3266 bia
1208 3199 1353 3286 pulbiea
1375 3202 1461 3267 sunt
1482 3198 1564 3265 iude
1588 3199 1682 3284 passi
1699 3199 1940 3285 quadraginta
1956 3199 2123 3284 quinqua
2142 3217 2164 3264 a
2180 3198 2282 3282 parte
2297 3191 2445 3260 meridie

596 3349 665 3416 line
688 3349 798 3436 ipsius
820 3348 980 3428 ecclesie,
998 3352 1082 3417 sunt
1098 3350 1180 3417 inde
1203 3349 1298 3438 passi
1322 3353 1465 3419 centum
1489 3352 1784 3438 quattuordecim:
1799 3355 1935 3439 aparte
1946 3351 2139 3418 occidentis
2155 3352 2291 3416 rectum
2307 3365 2450 3414 mensu-

597 3506 716 3571 ratum
739 3504 834 3591 passi
857 3505 1086 3592 septuaginta
1110 3525 1234 3572 unum:
1249 3505 1383 3573 abinde
1408 3507 1614 3574 rebolhente
1627 3510 1763 3576 rectum
1776 3508 1814 3575 iu
1828 3507 1906 3594 ipsa
1921 3510 2025 3593 parte
2039 3505 2231 3573 occidentis
2254 3505 2290 3570 et
2304 3503 2448 3570 exiente
2534 3593 2541 3609 ι

597 3675 707 3742 usque
730 3657 775 3724 ad
797 3659 867 3723 flue
889 3658 932 3724 de
956 3657 1105 3726 heredes
1135 3658 1255 3726 domni
1279 3660 1447 3738 arechisi,
1480 3665 1565 3728 sunt
1594 3662 1678 3730 inde
1708 3665 1803 3749 passi
1827 3664 2024 3750 nonaginta
2050 3664 2230 3748 quattuor,
2256 3660 2293 3724 et
2315 3657 2446 3725 abinde

596 3813 767 3898 pergente
790 3811 829 3878 in
851 3813 954 3898 parte
977 3811 1241 3897 septemtrionis
1264 3830 1330 3898 per
1353 3812 1422 3879 fine
1446 3811 1558 3898 ipsius
1581 3813 1728 3879 ecclesie
1754 3815 1838 3880 sunt
1868 3813 1963 3900 pessi
1992 3813 2176 3899 octaginta
2208 3814 2401 3898 quattuor:
2429 3829 2452 3878 a

596 3965 699 4051 parte
722 3962 984 4051 septemtrionis
1007 3963 1078 4030 line
1103 3963 1213 4050 ipsius
1236 3967 1398 4042 ecclesie,
1416 3966 1499 4034 inde
1522 3970 1607 4034 sunt
1628 3965 1723 4053 passi
1753 3967 1983 4054 septuaginta
2005 3969 2174 4054 quattuor
2202 3969 2446 4034 mensuratum

596 4116 643 4186 ad
666 4117 757 4185 iusto
780 4136 923 4205 passum
945 4116 1068 4184 omini.
1096 4119 1261 4186 Inclitum
1284 4120 1369 4186 illut
1384 4139 1448 4207 per
1462 4120 1704 4206 suprascripte
1726 4118 1807 4186 fluis
1822 4121 1859 4185 et
1874 4137 2058 4187 mensuras
2081 4120 2156 4206 ipse
2171 4119 2319 4187 domnus
2334 4120 2445 4188 abbas

597 4269 698 4338 nobis
713 4268 863 4336 tradidit
877 4269 943 4336 tali
959 4269 1095 4348 ordine,
1111 4271 1156 4338 Ut
1168 4272 1292 4340 amodo
1308 4275 1345 4340 et
1359 4292 1510 4360 semper,
1529 4275 1631 4340 natos
1647 4275 1844 4350 nascentes,
1863 4275 1986 4342 nostra
2000 4276 2036 4341 et
2051 4273 2094 4341 de
2110 4275 2241 4343 nostris
2256 4275 2450 4344 heredibus

598 4402 676 4493 sint
692 4425 877 4512 potestatis
900 4423 991 4490 illud
1014 4425 1219 4501 tenendum,
1238 4427 1337 4492 lobee
1354 4429 1390 4491 et
1411 4444 1533 4493 omnes
1548 4430 1668 4494 nostre
1684 4425 1850 4494 utilitatis
1874 4425 1924 4493 ibi
1941 4425 2112 4493 iaciamus
2128 4411 2223 4493 iusta
2239 4427 2391 4504 ratione,
2411 4432 2448 4494 et

598 4597 682 4646 cesa
704 4577 874 4664 lingnitia
889 4577 1128 4662 ibilaciamus
1153 4579 1259 4654 bona,
1277 4578 1370 4646 sieut
1385 4578 1577 4657 meruerid,
1592 4579 1690 4645 clusa
1705 4579 1742 4643 et
1756 4579 1934 4664 cooperta,
1952 4577 1988 4644 et
2002 4594 2141 4664 semper
2157 4597 2219 4646 nos
2236 4579 2291 4645 vel
2308 4584 2447 4647 nostros

598 4732 746 4800 heredes
769 4731 819 4798 ibi
843 4731 1061 4798 resideamus
1084 4732 1121 4796 et
1143 4730 1333 4808 abitemus,
1359 4735 1396 4798 et
1417 4751 1557 4818 semper
1581 4751 1644 4818 per
1667 4751 1787 4801 omnes
1810 4751 1922 4801 annos
1945 4735 2028 4801 abto
2052 4735 2209 4820 tempore
2239 4733 2317 4819 ipsa
2341 4732 2451 4800 tradi-

599 4886 695 4953 tione
717 4886 919 4952 laboremus
934 4885 977 4952 de
993 4904 1100 4972 super
1123 4887 1160 4951 et
1175 4885 1218 4952 de
1234 4885 1370 4963 subter,
1395 4886 1489 4954 sicut
1503 4885 1600 4952 locus
1616 4884 1690 4970 ipse
1706 4884 1889 4962 meruerit,
1906 4887 1954 4961 et,
1974 4884 2035 4951 ubi
2051 4885 2234 4964 meruerit,
2249 4905 2312 4973 per
2326 4903 2447 4954 omnes

600 5059 732 5108 annum
757 5041 901 5106 arbores
924 5041 961 5104 et
984 5039 1075 5105 bites
1090 5039 1134 5105 de
1151 5040 1239 5106 bono
1263 5039 1397 5106 bitineo
1420 5039 1470 5106 ibi
1494 5039 1707 5126 plantemus,
1725 5041 1773 5114 et,
1792 5036 1852 5103 ubi
1876 5037 2058 5115 meruerit,
2076 5039 2160 5106 illut
2175 5039 2450 5126 propaginemus

600 5196 648 5273 et,
667 5193 728 5260 ubi
744 5193 927 5271 meruerit,
952 5196 1065 5260 totum
1081 5193 1163 5260 illut
1178 5187 1374 5269 eludamus',
1399 5195 1436 5257 et
1459 5192 1596 5258 clusum
1619 5193 1655 5255 et
1677 5189 1815 5257 salbum
1846 5187 1928 5256 illut
1958 5191 2140 5267 abeamus,
2166 5191 2211 5258 Ut
2233 5210 2298 5278 per
2327 5191 2441 5260 omnis

527 5379 530 5386 ·
601 5365 735 5414 annum
752 5348 881 5413 bonum
897 5346 1029 5432 paread
1053 5347 1255 5412 laboratum
1271 5348 1308 5413 et
1323 5345 1531 5421 studiatum,
1557 5346 1593 5410 et
1609 5344 1669 5412 ubi
1685 5345 1857 5412 meruerit
1871 5345 2021 5423 clusum,
2039 5346 2084 5412 Ut
2098 5364 2237 5432 semper
2264 5346 2451 5433 proficiant

601 5504 638 5568 et
660 5520 731 5568 non
753 5499 969 5587 dispereant;
997 5503 1137 5566 tantum
1161 5519 1224 5566 nos
1248 5497 1305 5564 vel
1329 5501 1468 5566 nostros
1491 5499 1639 5566 heredes
1663 5498 1807 5584 integra
1829 5497 1908 5584 ipsa
1923 5497 2114 5566 traditione
2138 5499 2350 5585 aeompleti
2372 5501 2450 5566 octo

602 5653 701 5731 anni,
719 5655 759 5719 ut
774 5651 897 5720 amodo
920 5671 957 5720 se
981 5654 1193 5740 compleant,
1211 5655 1383 5721 abeamus
1398 5656 1435 5719 et
1449 5653 1697 5738 assingnemus
1712 5651 1812 5718 illam
1828 5651 1938 5738 ipsius
1953 5653 2094 5730 abbate,
2113 5653 2168 5719 vel
2184 5652 2222 5719 in
2238 5672 2321 5739 pars
2336 5653 2446 5740 ipsius

602 5807 749 5875 ecclesie
772 5808 847 5874 tota
869 5806 947 5893 ipsa
971 5807 1163 5874 traditione
1186 5808 1288 5873 sarta
1303 5808 1502 5892 etoperata
1525 5806 1568 5872 de
1592 5808 1776 5874 arbustum
1800 5809 1929 5874 bouum
1952 5809 1999 5885 et,
2015 5807 2075 5875 ubi
2088 5807 2272 5884 meruerit,
2289 5809 2449 5886 clusum,
