5452 7108
1042 507 1455 588 nlrlolllvtcts
2081 521 2127 596 25

330 713 449 763 emere
473 700 620 778 boleret,
647 701 837 770 nobissimo
861 704 960 772 venit
982 705 1029 772 ad
1053 725 1116 774 nos
1139 709 1262 793 petrus
1274 708 1463 794 presbiter,
1477 710 1539 796 qui
1563 711 1632 780 fuit
1654 711 1799 780 natibus
1823 712 1866 780 de
1890 712 2036 781 cibitate
2068 735 2198 802 capua,

330 849 426 918 filius
450 853 627 938 quondam
651 856 728 923 cari
752 857 813 944 qui
836 861 891 925 est
913 862 1093 928 consortes
1116 861 1155 928 in
1178 861 1260 948 ipsa
1284 865 1384 931 terra
1407 883 1487 931 cum
1515 883 1610 942 casa,
1648 866 1693 931 nt
1715 864 1798 932 inde
1823 865 1957 934 retinet
1990 867 2034 934 de
2074 869 2202 936 media

331 1005 409 1092 ipsa
431 1009 532 1074 terra
555 1027 637 1076 cum
661 1028 745 1076 casa
769 1029 841 1078 una
864 1013 994 1098 quarta
1018 1017 1124 1100 parte
1147 1034 1301 1102 persua
1326 1018 1493 1096 ratione,
1519 1019 1580 1106 qui
1603 1019 1725 1098 dixit,
1751 1019 1781 1086 si
1805 1019 1873 1106 ipsi
1898 1019 2057 1089 infantes
2086 1022 2120 1088 ei
2144 1041 2203 1088 ve-

331 1158 556 1227 numdederit
579 1161 657 1248 ipsa
679 1180 745 1230 sua
767 1163 922 1232 sortione
938 1164 981 1232 de
1004 1164 1083 1253 ipsa
1106 1169 1206 1235 terra
1221 1188 1302 1236 cum
1325 1189 1421 1248 casa,
1435 1170 1499 1238 ille
1522 1171 1626 1239 daret
1648 1172 1700 1240 eis
1723 1172 1791 1260 ipsi
1808 1174 1972 1241 tridecim
1999 1167 2085 1254 tari,
2104 1175 2197 1264 quod
2304 1180 2307 1186 ’

325 1335 388 1402 pro
412 1315 486 1403 ipso
509 1319 668 1388 devitum
691 1321 765 1388 illis
788 1321 875 1390 dare
898 1324 1044 1400 debunt,
1058 1325 1155 1410 sicut
1171 1325 1416 1414 adpretiatum
1444 1331 1513 1396 est:
1539 1329 1608 1416 ipsi
1632 1328 1788 1398 infantes
1808 1331 1900 1398 talia
1923 1331 2109 1400 audientes
2132 1351 2196 1418 ga-

333 1470 402 1537 visi
425 1475 510 1539 sunt
524 1471 668 1540 exinde.
695 1475 769 1560 Ego
785 1477 906 1542 autem
930 1477 1020 1546 talia
1035 1477 1220 1548 audientes
1236 1481 1449 1550 solutionem
1465 1481 1622 1569 ipsorum
1646 1483 1818 1552 infantuli
1833 1483 1943 1562 dedit,
1955 1483 2039 1550 illut
2055 1504 2192 1552 venun·
2279 1577 2281 1584 Ι

333 1627 489 1695 dandum
513 1627 624 1714 ipsius
648 1629 742 1716 petri
766 1631 970 1718 presbiteri.
996 1635 1072 1710 Qua
1094 1637 1285 1720 propterea
1309 1656 1371 1703 nos
1387 1637 1548 1706 iamdicti
1571 1639 1744 1706 iohannes
1768 1641 1805 1704 et
1827 1635 1987 1704 ademari
2012 1640 2096 1704 ante
2112 1657 2191 1724 pre-

330 1783 448 1849 sentia
470 1783 622 1869 predicti
646 1785 768 1852 comiti
792 1789 829 1852 et
851 1786 988 1865 iudici,
1025 1805 1089 1874 per
1112 1807 1180 1856 anc
1203 1791 1383 1905 cartulam
1407 1791 1698 1859 venumdedimus
1733 1790 1799 1858 tivi
1833 1789 2069 1876 suprascripti
2093 1790 2189 1877 petri

331 1937 521 2021 presbiteri
543 1937 672 2007 inclita
695 1940 773 2027 ipsa
796 1945 965 2028 quartam
988 1945 1128 2029 partem
1152 1944 1195 2011 de
1219 1945 1381 2032 predicta
1404 1948 1503 2012 terra
1526 1965 1606 2013 cum
1630 1965 1737 2021 casa,
1764 1965 1831 2031 que
1855 1949 1909 2012 est
1931 1944 2010 2031 ipsa
2033 1944 2191 2012 sortione

333 2092 456 2158 nostra
480 2092 576 2159 infra
599 2093 759 2180 predicte
782 2094 862 2162 finis
886 2097 922 2162 et
945 2095 1153 2174 mensurio,
1191 2097 1349 2184 qualiter
1372 2096 1535 2166 conciata
1558 2099 1615 2164 vel
1639 2097 1804 2164 edificata
1826 2100 1906 2174 est,
1943 2117 2024 2165 cum
2048 2097 2124 2166 vice
2147 2098 2192 2165 de

331 2243 406 2330 ipso
430 2247 557 2314 anditu
581 2248 683 2314 etde
708 2249 767 2316 via
789 2269 867 2328 sua,
885 2253 925 2317 at
946 2252 1121 2320 securiter
1144 2255 1181 2318 et
1202 2251 1354 2318 firmiter
1377 2250 1502 2318 amodo
1526 2253 1562 2317 et
1585 2269 1725 2337 semper
1748 2253 1787 2316 tu
1811 2253 1847 2316 et
1871 2253 1949 2318 tuos
1972 2251 2095 2319 eredes
2110 2252 2190 2338 ipsa

331 2401 454 2466 nostra
477 2400 675 2469 vinditione
698 2403 888 2480 avendum,
906 2405 943 2470 ct
966 2403 1168 2470 faciendum
1192 2403 1323 2472 exinde
1347 2405 1481 2482 omnia,
1499 2403 1591 2492 quod
1617 2404 1819 2472 volueritis:
1842 2407 1887 2472 Et
1901 2424 1966 2492 pro
1982 2405 2195 2474 conflrman-

333 2554 415 2620 dam
439 2557 475 2620 et
498 2554 789 2624 staviliscendam
814 2576 881 2624 auc
906 2558 1064 2624 nostram
1089 2557 1321 2626 vinditianam
1345 2577 1368 2624 a
1390 2560 1566 2645 presentis
1591 2558 1789 2646 recepimus
1827 2577 1849 2626 a
1872 2561 1907 2625 te
1930 2559 1998 2646 ipsi
2022 2560 2186 2628 tridecim

330 2709 415 2784 tari,
441 2710 534 2796 quod
557 2730 621 2796 pro
644 2711 720 2798 ipso
744 2710 902 2778 devitum
926 2711 1013 2778 dare
1036 2711 1226 2790 devemus,
1252 2713 1410 2800 qualiter
1433 2713 1566 2780 iustum
1590 2712 1832 2799 adpretiatum
1855 2712 1935 2790 fuit3
1962 2713 2005 2780 de
2029 2733 2100 2801 qua
2124 2733 2191 2781 nos

331 2861 491 2930 iamdicti
515 2866 681 2950 germani
704 2865 873 2944 infantes,
899 2886 972 2933 una
987 2866 1169 2934 nobiscum
1186 2886 1261 2933 esse
1285 2866 1459 2934 adelchisi
1475 2868 1673 2933 varbanum
1697 2869 1734 2932 et
1750 2865 1999 2932 adbocatorem
2015 2869 2190 2946 nostrum,

329 3017 464 3103 guadia
487 3018 552 3085 tivi
576 3019 751 3086 nominati
775 3019 869 3106 petri
892 3018 1082 3106 presbiteri
1106 3017 1293 3096 dedimus,
1331 3023 1368 3087 et
1392 3019 1623 3086 mediatorem
1658 3017 1726 3086 tivi
1749 3015 1929 3106 posuimus
1952 3038 2015 3086 nos
2038 3019 2124 3107 ipsis
2149 3023 2187 3088 et

329 3173 446 3260 ipsum
469 3173 642 3242 adelchisi
666 3175 741 3242 thio
766 3178 887 3243 noster
906 3199 913 3252 ;
940 3178 977 3241 et
998 3194 1063 3262 per
1086 3175 1164 3262 ipsa
1187 3175 1322 3261 guadia
1344 3175 1546 3262 obligamus
1570 3193 1634 3242 nos
1657 3175 1694 3241 et
1717 3175 1849 3242 nostris
1872 3155 2037 3242 eredibus
2061 3176 2189 3242 amodo

316 3329 367 3416 ‚et
388 3346 528 3414 semper
551 3327 808 3397 defensandum
835 3327 901 3396 tivi
918 3327 1040 3415 tuique
1063 3327 1228 3396 eredibus
1251 3327 1379 3397 inclita
1394 3328 1638 3417 suprascripta
1654 3331 1778 3396 nostra
1793 3327 1989 3395 vinditione
2005 3328 2051 3396 da
2066 3347 2191 3396 omnes

329 3483 465 3551 omines
487 3484 655 3571 omnique
679 3483 854 3570 partibus.
880 3487 924 3550 Et
947 3481 977 3550 si
1001 3483 1137 3559 taliter,
1163 3482 1256 3550 sicut
1278 3481 1414 3550 dictum
1437 3487 1502 3562 est,
1528 3483 1606 3570 ipsa
1630 3484 1753 3550 nostra
1777 3481 1973 3549 vinditione
1998 3483 2095 3550 vobis
2119 3502 2192 3552 non

329 3636 646 3717 defensaverimus,
671 3658 733 3707 seu
756 3640 787 3707 si
810 3639 895 3706 illut
917 3640 975 3705 vel
998 3637 1130 3706 exinde
1153 3636 1251 3705 vobis
1275 3638 1414 3716 tollere,
1440 3640 1503 3705 aut
1526 3639 1692 3704 contrare
1716 3634 1972 3722 quesierimus,
1998 3639 2034 3703 et
2057 3637 2194 3724 aliquit

330 3793 374 3860 de
398 3792 519 3860 omnia
541 3791 788 3880 suprascripta
811 3791 1148 3870 contradixerimus,
1166 3811 1376 3878 componere
1393 3791 1631 3878 obligavimus
1654 3809 1718 3858 nos
1734 3791 1770 3856 et
1785 3789 1916 3857 nostris
1938 3788 2103 3857 eredibus
2119 3790 2187 3858 tivi

328 3945 453 4032 tuique
476 3945 654 4023 eredibus
680 3949 716 4013 et
739 3947 796 4014 cui
820 3948 964 4014 cartula
987 3946 1057 4014 ista
1080 3946 1118 4013 in
1142 3965 1287 4013 manum
1312 3945 1494 4032 paruerit,
1520 3943 1650 4031 viginti
1674 3943 1755 4010 auri
1778 3942 1907 4010 solidos
1931 3943 2186 4020 constantines,

329 4104 365 4166 et
387 4099 479 4167 sicut
494 4099 628 4168 dictum
644 4104 710 4179 est,
728 4101 814 4168 illut
836 4100 934 4169 vobis
957 4101 1192 4180 defensemus
1210 4099 1352 4187 quando
1375 4102 1495 4167 autem
1511 4103 1551 4167 tu
1566 4102 1603 4166 et
1618 4102 1697 4166 tuos
1719 4098 1843 4166 credes
1859 4099 2044 4167 bolueritis
2061 4099 2193 4167 exinde

331 4221 598 4334 auctoresesse,
623 4259 834 4344 potestatem
850 4257 987 4326 aveatis
1011 4256 1088 4324 bice
1111 4258 1234 4323 nostra
1257 4255 1296 4322 iu
1311 4253 1474 4322 omnibus
1497 4252 1580 4320 inde
1603 4269 1752 4320 causare
1775 4255 1812 4319 et
1826 4253 1932 4320 finem
1954 4254 2085 4332 facere,
2104 4273 2194 4341 qua·

328 4409 413 4476 liter
436 4410 633 4488 bolueritis‚
659 4430 739 4478 cum
765 4411 872 4497 quale
895 4410 1075 4477 monimen
1098 4411 1135 4476 et
1158 4408 1333 4476 rationem
1357 4407 1440 4476 inde
1463 4405 1660 4485 abueritis3
1686 4425 1771 4473 nam
1795 4406 1936 4494 quando
1960 4426 2023 4474 nos
2047 4409 2104 4474 vel
2129 4427 2191 4475 no-

328 4563 420 4627 stros
443 4561 566 4628 eredes
589 4561 792 4648 quesieritis
815 4561 898 4630 iude
922 4565 1064 4630 autores
1087 4579 1208 4638 avere,
1234 4577 1297 4627 nos
1320 4562 1441 4627 autem
1464 4561 1501 4626 et
1523 4557 1654 4626 nostris
1677 4558 1841 4626 eredibus
1865 4559 1948 4626 illut
1971 4559 2036 4627 tivi
2060 4560 2188 4647 tuique

329 4717 493 4786 eredibus
516 4719 751 4796 defensemus,
776 4719 813 4786 et
834 4701 955 4786 omnia
978 4717 1075 4786 bobis
1099 4717 1370 4820 adimpleamus,
1388 4717 1481 4784 sicut
1502 4711 1666 4804 s‘uperius
1689 4715 1836 4802 legitur,
1855 4735 1919 4803 per
1941 4716 2191 4803 suprascripta

327 4871 461 4956 guadia
483 4875 520 4939 et
542 4873 703 4958 obligata
725 4890 831 4960 pena.
869 4873 912 4937 Et
936 4871 1060 4938 taliter
1094 4870 1251 4940 scribere
1287 4871 1490 4957 rogavimus
1524 4873 1560 4938 te
1583 4867 1723 4938 dauferi
1758 4869 1948 4948 notarius;
1989 4871 2109 4936 actum
2134 4888 2192 4938 sa-

329 5025 443 5093 lerno.
469 5029 544 5112 Ego
568 5027 628 5113 qui
652 5045 762 5113 supra
784 5025 957 5112 grimoalt
979 5044 1094 5092 comes
1117 5029 1154 5093 ct
1176 5026 1302 5094 iudex.
1338 5029 1424 5093 Cum
1448 5029 1567 5094 autem
1591 5023 1800 5112 supradicta
1823 5025 1966 5092 cartula
1989 5025 2058 5093 fuit
2079 5023 2191 5104 lecta,

332 5179 425 5246 sicut
447 5178 604 5266 ipsorum
627 5179 721 5266 petri
744 5177 933 5266 presbiteri
956 5181 993 5246 et
1014 5177 1176 5265 predicta
1200 5197 1344 5266 gemma
1366 5199 1487 5247 coram
1503 5199 1619 5248 meam
1642 5179 1861 5268 presentiam
1876 5179 2094 5267 conplacuit,
2112 5183 2192 5248 tra-

326 5332 419 5401 didit
440 5333 515 5420 ipse
538 5335 662 5421 petrus
689 5333 865 5420 presbiter
888 5332 1044 5419 predicta
1066 5351 1207 5419 gemme
1233 5331 1414 5421 integram
1438 5332 1721 5420 suprascriptam
1756 5332 1871 5420 ipsam
1905 5335 2072 5422 quartam
2104 5351 2192 5420 pars

332 5485 375 5553 dc
398 5486 645 5574 suprascripta
667 5488 767 5554 terra
790 5505 870 5554 cum
893 5505 978 5554 casa
1000 5505 1065 5573 per
1087 5487 1338 5574 suprascripte
1360 5488 1441 5556 finis
1464 5491 1502 5556 et
1524 5489 1729 5566 mensurie,
1767 5489 1924 5577 qualiter
1954 5489 1988 5558 ei
2012 5488 2194 5578 pertinuit

327 5659 391 5726 per
413 5641 658 5729 suprascripta
679 5643 843 5719 cartula,
868 5661 950 5709 cum
972 5640 1094 5708 omnia
1116 5659 1186 5728 que
1209 5639 1306 5710 intro
1329 5641 1454 5716 eadem
1477 5643 1689 5711 traditiones
1712 5647 1822 5722 sunt,
1848 5643 2036 5731 cuntisque
2061 5661 2190 5726 aarum

327 5795 554 5880 pertinentiis
577 5816 657 5864 cum
682 5796 758 5864 vice
781 5797 824 5863 de
847 5797 1046 5884 predictum
1071 5795 1238 5864 anditum
1262 5797 1299 5864 et
1321 5794 1365 5862 de
1387 5794 1549 5882 predicta
1573 5796 1655 5874 via,
1681 5799 1718 5862 et
1741 5796 1821 5883 ipsa
1842 5796 2090 5885 suprascripta
2112 5816 2193 5866 car·

468 5978 542 6037 don.
560 5993 607 6036 vu.
2030 5980 2045 6032 ⁴
