5398 7106
638 487 706 558 aar
1269 485 1450 557 ooorx
1485 447 1749 558 cavensis

590 680 699 744 tatem
722 681 759 744 et
783 678 818 744 iu
843 697 899 744 res
924 649 1032 763 ipsius
1056 679 1208 746 infantis
1234 679 1319 746 soris
1342 698 1383 745 ac
1407 659 1553 746 civitate
1592 679 1628 744 in
1652 679 1727 744 loco
1750 676 1890 742 locubia
1913 679 1949 741 et
1972 674 2051 760 ipsa
2084 692 2168 740 casa
2198 667 2431 738 disturbasset

543 822 547 831 '
588 837 622 896 ct
646 848 691 896 cx
716 809 801 915 ipsis
829 832 933 896 rebus
957 833 1101 898 arbores
1130 835 1165 898 et
1189 833 1278 898 vites
1302 833 1507 900 abscidisset
1531 833 1567 898 et
1583 833 1717 918 fructus
1740 831 1881 896 tulisset
1906 831 1943 894 et
1965 827 2078 914 ipsam
2098 829 2232 892 terram
2256 843 2334 890 cum
2352 842 2435 890 casa

586 989 622 1048 et
644 983 739 1068 ipsas
763 1001 819 1049 res
841 983 956 1050 eidem
980 983 1112 1050 infanti
1140 987 1348 1052 contrasset.
1390 989 1466 1070 lpse
1488 985 1612 1052 disiius
1636 983 1866 1070 responderat
1889 983 1987 1050 intra
2014 1000 2081 1049 anc
2104 979 2283 1046 civitatem
2315 979 2439 1062 plures

585 1135 691 1201 torris
713 1155 793 1202 cum
817 1139 908 1203 casis
932 1137 1058 1203 baberi
1083 1139 1120 1202 et
1145 1137 1181 1202 in
1206 1137 1280 1223 ipso
1304 1141 1380 1204 loco
1403 1137 1544 1205 locubia
1567 1139 1687 1223 plures
1712 1155 1768 1204 res
1791 1136 1928 1211 haberi,
1942 1137 2003 1202 sed
2021 1134 2158 1227 nescire
2181 1133 2225 1200 de
2249 1131 2349 1220 quali
2366 1133 2439 1195 ter-

586 1305 627 1350 ra
650 1307 729 1353 cum
754 1306 838 1354 casa
873 1295 910 1356 et
933 1288 975 1354 de
1000 1288 1167 1374 qualibus
1191 1292 1296 1357 rebus
1319 1311 1399 1358 cum
1438 1310 1479 1359 eo
1503 1292 1681 1358 causaret.
1722 1292 1795 1374 Ego
1819 1291 1939 1368 autem
1962 1285 2116 1354 iudicavi
2154 1285 2288 1370 etipse
2312 1283 2431 1350 infans

584 1460 663 1506 cum
687 1441 762 1528 ipso
785 1441 888 1509 disiio
911 1443 1086 1528 guadiarc
1110 1443 1191 1516 feci,
1209 1449 1248 1510 ut
1271 1464 1408 1512 mecum
1434 1449 1471 1512 et
1494 1464 1573 1511 cum
1599 1443 1737 1511 notario
1760 1445 1892 1508 etcum
1920 1440 2005 1526 ipsis
2021 1440 2237 1526 parentibus¹
2254 1438 2299 1504 ad
2315 1437 2429 1522 ipsam

585 1599 718 1661 terram
741 1615 821 1662 cum
844 1613 928 1662 casa
952 1599 988 1661 et
1015 1595 1059 1662 ad
1084 1598 1175 1682 ipsas
1204 1601 1476 1682 respergerent
1500 1599 1536 1663 et
1560 1597 1679 1663 infans
1703 1596 1892 1662 mostraret
1915 1592 1983 1677 ipsi
2005 1592 2108 1659 disiio
2140 1590 2183 1657 de
2208 1591 2308 1678 quali
2331 1593 2430 1656 terra

583 1765 663 1814 cum
686 1765 767 1814 casa
789 1751 825 1815 et
848 1748 891 1815 de
916 1749 1081 1836 qualibus
1105 1754 1207 1817 rebus
1236 1750 1310 1838 ipse
1333 1751 1454 1820 infans
1477 1771 1558 1817 cum
1584 1751 1659 1836 ipso
1683 1743 1794 1817 disiio‘
1810 1749 2022 1815 causaverat
2057 1747 2093 1812 et
2116 1763 2179 1830 per
2218 1748 2338 1830 partes
2364 1744 2432 1832 pli-

583 1900 708 1964 carent
729 1916 767 1964 se
790 1918 871 1966 cum
888 1899 962 1966 suis
979 1899 1177 1968 rationibus
1200 1904 1237 1967 et
1259 1903 1451 1969 secundum
1475 1904 1591 1988 legem
1615 1902 1710 1969 inter
1733 1920 1770 1968 se
1786 1903 1829 1968 de
1852 1919 1893 1967 eo
1915 1899 2180 1967 fiocmsaciaut.
2208 1898 2431 1965 Postmodum

585 2069 668 2116 vero
689 2069 827 2117 mecum
850 2055 886 2117 et
908 2071 988 2118 cum
1012 2012 1151 2120 notario
1181 2056 1320 2139 etcum
1344 2054 1434 2139 ipsis
1458 2054 1663 2140 parentibus
1687 2054 1762 2140 ipse
1785 2055 1904 2120 iulans
1927 2073 2008 2120 cum
2032 2053 2107 2137 ipso
2131 2051 2236 2118 disiio
2272 2102 2427 2118 .....

583 2221 664 2269 casa
685 2201 781 2268 intra
803 2203 898 2288 ipsas
922 2222 978 2270 res
1002 2210 1248 2290 perrexerunt
1272 2209 1308 2310 et
1332 2207 1408 2291 ipse
1434 2207 1551 2274 infans
1576 2207 1790 2274 monstravit
1813 2206 1882 2292 ipsi
1906 2205 2010 2272 disiio
2033 2205 2122 2272 illud
2145 2205 2188 2270 de
2212 2225 2307 2292 quo,
2332 2205 2425 2272 sicut

582 2355 861 2441 suprascriptum
886 2357 951 2432 est,
978 2376 1122 2424 comeo
1146 2363 1372 2426 causaverat.
1400 2362 1500 2426 Nunc
1525 2379 1620 2436 vero,
1647 2364 1686 2426 ut
1709 2361 1843 2427 dictum
1867 2363 2036 2437 estante
2060 2379 2116 2438 me
2140 2359 2319 2426 coniuncti
2345 2363 2436 2425 sunt.

582 2509 752 2576 adfinem
776 2507 872 2576 inter
895 2509 1002 2576 sede
1026 2528 1066 2575 eo
1090 2509 1290 2577 faciendum
1314 2513 1350 2576 et
1374 2530 1437 2596 per
1461 2514 1581 2597 partes
1617 2511 1848 2579 ostenderunt
1871 2512 2019 2596 singula
2042 2512 2200 2578 iudicata
2237 2510 2280 2576 de
2304 2529 2434 2594 supra·-

581 2661 723 2746 scriptis
746 2662 1012 2729 causationibus
1036 2664 1170 2748 etipse
1194 2663 1312 2748 intans
1335 2665 1490 2731 ostendit
1512 2665 1670 2730 cartulas
1693 2664 1815 2730 decem
1839 2667 1874 2730 et
1897 2665 1972 2749 ipse
1997 2663 2123 2731 disiius
2156 2663 2311 2730 ostendit
2347 2683 2425 2730 car-

581 2814 676 2880 tulas
698 2814 981 2900 quattuordecim
1009 2820 1045 2881 ct
1067 2835 1131 2902 per
1155 2819 1276 2902 partes
1300 2817 1620 2884 manifestaverunt
1642 2817 1762 2902 plures
1785 2819 1946 2883 cartulas
1970 2816 2065 2882 inter
2081 2835 2118 2882 se
2142 2815 2269 2882 exinde
2293 2818 2437 2884 hosten-

581 2966 677 3033 dere.
704 2969 748 3032 Et
770 2968 891 3052 legere
916 2967 984 3034 feci
1009 2967 1102 3054 ipsas
1126 2970 1289 3067 cartulas
1313 2987 1401 3055 quas
1426 2969 1500 3054 ipse
1525 2971 1644 3037 intans
1667 2968 1847 3036 ostendit:
1888 2970 2005 3054 prima
2046 2988 2092 3036 ex
2115 2969 2166 3035 eis
2189 2969 2430 3036 sextodecimo

582 3139 674 3187 anno
696 3120 914 3207 principatus
938 3121 1057 3188 domni
1081 3121 1252 3206 gisulphi,
1278 3141 1397 3189 mense
1421 3124 1613 3198 ianuarias,
1639 3123 1790 3209 septima
1813 3123 2021 3190 indictione.
2047 3123 2297 3206 Andreafilius
2321 3122 2434 3189 maio-

582 3273 638 3339 nis
662 3293 726 3359 per
749 3274 863 3360 ipsam,
887 3277 1066 3343 cartulam
1091 3276 1286 3342 donaverat
1302 3278 1414 3360 petro,
1433 3277 1494 3363 qui
1518 3279 1594 3343 roffi
1619 3279 1779 3353 vocatur,
1795 3278 1855 3342 filii
1874 3277 2050 3352 landonis,
2069 3277 2296 3344 medietatem
2311 3297 2434 3344 omnes

583 3444 640 3492 res
663 3428 877 3494 substantias
901 3431 937 3493 et
960 3428 1051 3494 casis
1078 3431 1114 3493 et
1137 3427 1323 3495 movilibus
1346 3429 1432 3506 suis,
1447 3450 1515 3516 que
1539 3430 1572 3496 ei
1597 3450 1619 3497 a
1642 3431 1817 3518 genitrice
1841 3433 1877 3496 et
1900 3431 2077 3515 genitrice
2107 3449 2172 3497 sua
2197 3433 2330 3497 habere
2353 3449 2431 3496 suc-

583 3585 738 3647 cesserat
759 3599 819 3647 seu
845 3582 1172 3667 quomodocumque
1210 3600 1274 3667 per
1298 3585 1555 3669 qualecumque
1579 3583 1718 3651 ratione
1756 3585 1789 3651 ei
1813 3585 2017 3670 pertinebat
2056 3587 2092 3649 et
2115 3582 2206 3671 quod
2230 3585 2337 3650 tando
2362 3585 2440 3650 ille

583 3739 811 3802 tenebattam
827 3736 918 3802 casis
931 3739 1084 3804 etrebus
1109 3735 1207 3802 intra
1230 3737 1435 3804 civitatibus
1450 3740 1487 3802 et
1510 3713 1604 3803 foras
1620 3738 1808 3812 casalibus,
1835 3737 1959 3813 vineis,
1986 3739 2142 3812 arbusta,
2160 3736 2308 3842 olibeta.
2327 3756 2437 3824 quer-

583 3887 690 3962 cinta‚
715 3890 911 3962 castaneta,
937 3889 1086 3974 campis,
1112 3889 1224 3964 silbis,
1250 3888 1375 3974 pratis,
1400 3892 1542 3976 pasquis
1566 3895 1602 3956 et
1625 3891 1739 3976 aquis,
1756 3890 1837 3968 tlnis
1860 3893 1896 3956 et
1912 3891 1990 3966 viis,
2009 3889 2187 3956 montibus
2204 3910 2309 3976 quam
2334 3894 2370 3956 et
2395 3891 2433 3956 in

583 4040 699 4125 planis
723 4040 933 4125 ubicumque
957 4059 1020 4125 per
1044 4040 1194 4107 diversis
1217 4041 1303 4108 locis
1328 4045 1433 4109 rebus
1455 4061 1521 4108 sua
1545 4043 1654 4108 fuerit
1677 4043 1868 4117 inventus,
1906 4042 2133 4108 medietatem
2157 4042 2238 4108 illut
2263 4043 2296 4108 ei
2320 4041 2430 4108 dona-

582 4197 684 4259 verat
705 4212 844 4279 semper
868 4194 942 4280 ipse
966 4197 1089 4278 petrus
1123 4199 1160 4262 et
1183 4196 1241 4262 cui
1276 4215 1339 4282 per
1364 4217 1445 4263 eum
1484 4199 1606 4264 datum
1633 4199 1797 4284 paruerit
1831 4171 1954 4263 securo
1978 4196 2119 4263 nomine
2158 4216 2217 4263 eos
2241 4198 2433 4271 haberant,

581 4347 709 4413 exinde
733 4347 902 4420 iacerent,
920 4348 1078 4433 qualiter
1102 4348 1153 4414 eis
1170 4350 1382 4434 placuerint,
1397 4353 1516 4435 scepta
1539 4367 1706 4435 personas
1729 4349 1859 4415 donate
1884 4351 1921 4414 et
1933 4351 2060 4415 abrase
2084 4347 2216 4414 ancille
2239 4365 2315 4422 sue,
2334 4347 2433 4413 unde

582 4498 613 4568 ei
637 4501 789 4568 sortione
813 4520 883 4566 non
907 4501 1116 4567 donaverat:
1144 4500 1285 4587 reliqua
1308 4501 1498 4567 medietate
1521 4503 1565 4568 de
1588 4501 1751 4568 omnibus
1776 4503 1880 4568 rebus
1904 4503 1941 4566 et
1964 4497 2053 4566 casis
2087 4499 2275 4566 stabilibus
2299 4501 2335 4564 et
2361 4519 2438 4564 mo«

582 4651 709 4721 vilibus
731 4673 793 4721 sue
818 4657 1067 4720 reserbaberat
1090 4657 1300 4740 potestatem
1326 4657 1391 4720 sub
1414 4674 1455 4720 co
1472 4653 1632 4729 hordine,
1654 4657 1693 4719 ut
1708 4654 1833 4720 diebus
1856 4653 1927 4718 vite
1950 4671 2012 4718 sue
2036 4669 2098 4719 sue
2114 4655 2230 4718 essent
2246 4651 2433 4736 potcstatis

583 4810 619 4874 et
641 4825 722 4874 suas
747 4805 920 4872 utilitates
943 4805 1072 4872 ibidem
1098 4805 1245 4880 faceret3
1271 4811 1306 4872 et
1329 4800 1357 4870 si
1382 4805 1473 4871 filios
1497 4809 1561 4871 aut
1585 4806 1675 4872 filias
1701 4824 1770 4872 non
1793 4805 1947 4879 abuerit,
1973 4807 2067 4870 sicut
2090 4806 2127 4870 et
2149 4803 2327 4889 tendoque
2354 4806 2433 4868 tan-

583 4961 761 5026 tummodo
786 4961 939 5025 habebat
964 4976 1066 5024 unam
1092 4957 1203 5024 tiliam
1227 4957 1368 5024 nomine
1393 4957 1496 5032 mira,
1523 4975 1592 5044 que
1616 4961 1725 5042 nupto
1748 4956 1891 5023 tradere
1907 4956 2058 5022 debebat
2080 4957 2237 5022 atenolfo
2260 4956 2332 5022 fflio
2356 4959 2435 5022 lan«

584 5111 711 5178 denolfi
735 5111 897 5186 castaldi,
922 5111 952 5178 si
977 5111 1068 5178 alias
1091 5111 1182 5178 illias
1206 5111 1262 5176 vel
1285 5111 1372 5177 illios
1396 5130 1466 5177 non
1491 5111 1670 5184 babuerit,
1689 5129 1759 5176 noo
1782 5109 1931 5176 haberet
1953 5111 2163 5194 potestatem
2180 5109 2224 5176 de
2259 5109 2341 5195 ipsa
2364 5129 2442 5176 mc÷

583 5266 715 5333 dietate
739 5265 947 5352 cuicumque
971 5266 1027 5332 vel
1054 5267 1262 5351 ubicumque
1285 5265 1413 5332 exinde
1448 5265 1534 5333 dare
1560 5271 1624 5334 aut
1646 5267 1807 5333 alienare
1845 5284 1909 5350 per
1957 5265 2251 5351 qualemcumque
2275 5263 2431 5342 ratione,

584 5419 652 5486 nisi
675 5417 741 5504 ipsi
764 5421 876 5504 petru,
903 5417 959 5484 vel
983 5417 1039 5484 cui
1065 5435 1128 5504 per
1152 5436 1232 5484 eum
1256 5418 1454 5504 obligatum
1479 5418 1655 5506 paruerit,
1681 5417 1761 5484 illos
1785 5417 1870 5484 dent
1894 5416 1936 5483 ad
1960 5416 2052 5483 iusto
2087 5419 2134 5483 ab
2158 5415 2209 5483 eis
2233 5417 2437 5502 recipiente

583 5571 738 5660 pretium
762 5571 854 5638 sicut
876 5573 967 5638 iuste
991 5572 1099 5638 fuerit
1122 5573 1376 5657 appretiatum3
1404 5575 1440 5638 et
1463 5592 1532 5658 quo
1558 5573 1615 5638 ille
1638 5571 1696 5637 vel
1719 5571 1776 5637 cui
1815 5588 1879 5657 per
1914 5589 1995 5636 eum
2034 5569 2232 5656 obligatum
2256 5571 2433 5656 paruerit,

584 5725 713 5795 exinde
736 5725 829 5791 scire
853 5724 1015 5800 fecerint,
1041 5727 1217 5792 haberent
1239 5725 1394 5810 spatium
1419 5725 1460 5792 ad
1484 5744 1564 5792 eum
1589 5725 1775 5792 emendum
1801 5743 1910 5812 usque
1933 5726 2005 5794 dies
2028 5723 2180 5811 triginta
2202 5742 2298 5802 sex3
2339 5727 2375 5790 et
2393 5725 2431 5792 si
