5454 7104
1014 513 1427 590 brrluua'lrcus
2041 521 2107 592 tlt

312 713 445 777 alleant
468 730 532 797 per
556 710 792 778 medietatem:
817 714 889 796 ipse
912 711 1096 800 iaquintus
1121 709 1372 789 medietatem,
1398 715 1435 777 et
1457 711 1531 798 ipse
1555 713 1780 798 grimoaldus
1805 713 2058 790 medietatem,
2085 716 2161 780 tan·

309 867 384 932 tum
411 885 482 932 non
505 867 637 932 abeant
654 865 870 951 potestatem
893 865 936 932 de
960 867 1035 932 tota
1059 865 1137 950 ipsa
1164 860 1279 942 rebus,
1305 866 1396 952 quod
1421 866 1516 933 inter
1540 885 1577 934 se
1601 867 1814 943 dibiserunt,
1833 871 1870 933 et
1892 867 1935 934 de
1958 867 2072 934 omnis
2089 867 2163 936 alia

310 1021 415 1084 rebus
439 1016 548 1102 ipsius
572 1017 810 1094 machonem,
836 1017 911 1103 ipse
934 1018 1118 1104 iaqulntus
1141 1021 1178 1084 et
1200 1017 1298 1084 illius
1321 1019 1445 1085 eredes
1470 1037 1537 1084 non
1562 1020 1716 1088 bendere
1746 1039 1810 1086 nec
1833 1020 1993 1094 donare,
2034 1038 2097 1086 nec
2122 1019 2159 1085 in

305 1172 467 1239 ecclesiis
489 1170 643 1246 offerire,
669 1189 734 1238 nec
759 1190 843 1257 pars
866 1171 1027 1258 pigneris
1051 1191 1202 1258 ponore,
1228 1192 1293 1241 nec
1318 1183 1386 1260 per·
1406 1175 1518 1242 nullis
1543 1173 1654 1242 modis
1678 1174 1716 1240 in
1740 1173 1866 1260 quabis
1888 1174 2052 1260 partibus
2076 1172 2162 1240 alie·

305 1345 407 1393 nare.
434 1329 559 1393 Preter
582 1327 721 1394 tantum
749 1327 859 1412 ipsius
882 1326 1100 1412 grimoaldi,
1138 1328 1194 1394 vel
1222 1330 1261 1394 at
1284 1327 1384 1394 illius
1408 1327 1531 1394 credes
1556 1327 1644 1394 illut
1667 1328 1777 1394 deant
1812 1333 1849 1394 at
1871 1327 1973 1394 iuxto
2009 1327 2163 1396 baliente

308 1481 472 1566 pretium,
499 1482 592 1568 quod
615 1481 698 1548 illut
722 1485 813 1548 iuste
838 1481 947 1549 fuerit
970 1482 1209 1568 abpretiatum
1231 1503 1238 1548 :
1262 1482 1355 1549 aliut
1378 1481 1583 1549 continebat
1608 1482 1647 1548 in
1671 1481 1752 1567 ipsa
1776 1485 1920 1550 cartula
1944 1483 2076 1568 scripta
2099 1501 2164 1570 per

303 1641 425 1724 potrus
448 1637 601 1703 clericus
624 1637 661 1702 et
685 1637 859 1711 notarius,
885 1639 922 1703 et
946 1615 1148 1704 roboratam
1173 1655 1238 1722 per
1263 1637 1378 1722 ipsum
1404 1638 1458 1703 leo
1486 1636 1593 1704 iudex
1619 1639 1654 1702 et
1678 1636 1891 1714 maraldus,
1917 1641 1954 1704 et
1976 1636 2068 1704 alius
2092 1657 2166 1704 ma-

305 1790 427 1857 raldus
452 1791 625 1858 notarius.
651 1791 773 1856 Prima
796 1791 937 1856 cartula
961 1791 1053 1876 quod
1078 1790 1153 1876 ipse
1176 1791 1312 1858 danseri
1336 1790 1479 1866 ostedit,
1506 1791 1675 1867 continet3
1704 1793 1870 1858 bicesimo
1893 1793 2046 1859 secundo
2070 1811 2162 1860 anno

306 1945 529 2032 principatus
551 1946 670 2012 domni
695 1944 808 2012 nostri
831 1944 1012 2029 guaimari
1036 1944 1212 2031 gloriosus
1237 1946 1401 2032 princeps
1424 1945 1501 2012 eius
1524 1947 1679 2014 salerni.
1706 1949 1742 2011 et
1767 1947 1923 2012 secundo
1947 1965 2041 2013 anno
2065 1945 2165 2032 prin-

300 2097 440 2183 cipatus
463 2097 540 2164 eius
564 2116 688 2184 capue,
706 2101 742 2162 et
764 2097 918 2165 secundo
941 2117 1036 2165 anno
1060 2098 1211 2166 ducatus
1235 2098 1334 2166 illius
1358 2101 1490 2174 amalfi,
1510 2103 1546 2166 et
1569 2098 1686 2184 primo
1711 2119 1806 2166 anno
1831 2100 1982 2167 ducatus
2007 2103 2084 2168 eius
2099 2085 2164 2166 sir-

301 2253 410 2330 renti,
429 2269 550 2318 mense
574 2251 727 2336 magius,
752 2254 879 2319 octaba
903 2252 1110 2330 indictione;
1128 2252 1221 2319 mari
1245 2253 1339 2320 filius
1363 2253 1515 2338 iaquinti
1532 2272 1624 2322 vona
1651 2272 1716 2320 sua
1733 2254 1917 2322 voluntate
1941 2257 2026 2322 ante
2041 2259 2164 2342 petrus

300 2406 418 2474 iudice
442 2407 585 2472 etanta
609 2404 674 2472 alii
698 2407 807 2472 testes
832 2405 1111 2473 benumdoderat
1136 2405 1245 2493 ipsius
1268 2404 1425 2473 dauferii
1452 2408 1596 2492 integra
1611 2406 1858 2494 suprascripta
1882 2409 1983 2494 pecie
2007 2409 2166 2478 deterre

299 2561 343 2628 de
368 2563 480 2647 ipsum
507 2562 622 2627 locum
647 2561 854 2636 domenum,
873 2559 1030 2647 qualiter
1054 2579 1118 2647 per
1142 2560 1209 2646 ipsi
1233 2561 1472 2648 suprascripti
1497 2561 1564 2627 thii
1589 2565 1626 2626 et
1650 2565 1797 2648 nepotes
1821 2565 2020 2630 monstrata
2043 2567 2109 2640 est,
2128 2567 2165 2630 et

306 2717 493 2800 receperat
516 2718 561 2781 ab
585 2715 669 2781 illut
693 2720 772 2782 auri
798 2717 870 2782 tari
901 2715 983 2782 voni
1007 2715 1184 2799 triginta,
1211 2719 1248 2782 et
1272 2715 1366 2781 aliut
1389 2718 1444 2781 est
1467 2713 1673 2782 continebat
1695 2716 1733 2781 in
1758 2715 1837 2801 ipsa
1861 2717 2006 2784 cartula
2028 2718 2164 2804 scripte

301 2887 365 2953 per
387 2869 636 2955 trubpoaldum
663 2869 917 2936 subdiaconum
943 2873 980 2936 et
1004 2871 1215 2945 notarium,
1254 2877 1290 2936 et
1316 2871 1517 2938 roboratam
1542 2887 1605 2955 por
1640 2869 1755 2954 ipsum
1791 2873 1914 2955 petrus
1950 2869 2106 2938 iudicem
2132 2874 2169 2938 et

303 3025 474 3091 iohannes
496 3027 533 3090 et
557 3024 754 3090 mirandus.
782 3026 899 3110 Ipsum
926 3025 1069 3089 brebem
1093 3024 1265 3090 continet:
1293 3025 1462 3092 bicesimo
1485 3023 1641 3090 secundo
1666 3042 1760 3090 anno
1784 3023 2007 3110 principatus
2030 3025 2165 3091 salerni

301 3177 420 3257 domni
445 3179 558 3244 nostri
582 3178 791 3263 guaimari,
831 3179 868 3243 et
891 3177 1046 3245 secundo
1070 3196 1165 3244 anno
1190 3177 1413 3264 principatus
1437 3176 1513 3244 eius
1537 3196 1649 3263 capue
1673 3179 1710 3242 et
1732 3177 1882 3245 ducatus
1913 3179 1990 3244 eius
2014 3180 2165 3256 amalds,

303 3335 340 3397 et
362 3332 477 3420 primo
501 3349 594 3397 anno
618 3330 769 3399 ducatus
792 3332 868 3400 eius
891 3333 1052 3413 sirrenti‚
1078 3339 1232 3424 glorioso
1255 3334 1434 3422 principe,
1461 3350 1581 3398 mense
1606 3330 1773 3416 magius,
1808 3335 1938 3400 octaba
1962 3333 2171 3401 indictione.

302 3487 378 3572 lpse
401 3487 585 3553 dauferius
608 3487 702 3555 dlius
724 3488 890 3555 iohannis
914 3493 998 3556 ante
1015 3491 1208 3577 subscripti
1234 3493 1342 3558 testes
1367 3509 1431 3574 per
1455 3485 1756 3556 corn'benientiam
1776 3487 1927 3556 tradidit
1943 3488 2055 3574 ipsius
2072 3489 2165 3556 mari

301 3641 374 3711 filio
397 3641 551 3729 iaquinti
574 3642 856 3728 suprascriptam
881 3642 1019 3729 peciam
1044 3644 1087 3710 do
1112 3646 1211 3711 terra
1234 3663 1298 3732 per
1324 3645 1497 3713 iamdicto
1523 3646 1604 3711 finis
1629 3647 1665 3711 et
1688 3663 1902 3718 mensuras,
1941 3649 1980 3710 ut
2002 3643 2166 3731 superius

303 3798 465 3883 legitur,
492 3797 533 3868 de
557 3799 633 3886 ipso
657 3801 773 3867 locum
799 3803 1021 3877 doccanum,
1049 3821 1161 3888 usque
1185 3801 1390 3889 quindecim
1415 3803 1502 3869 anni
1526 3801 1696 3888 completi
1720 3804 1758 3868 at
1782 3800 2046 3876 laborandum,
2078 3799 2172 3867 sicut
2236 3849 2239 3854 -

302 3953 417 4038 ipsum
443 3955 585 4020 brebem
610 3955 781 4032 continet,
800 3956 861 4042 qni
885 3955 1059 4042 scriptum
1082 3975 1148 4042 per
1173 3959 1296 4042 petrus
1319 3956 1600 4042 protonotarius,
1620 3959 1657 4021 et
1682 3958 1891 4022 roboratum
1917 3974 1982 4041 per
1997 3954 2170 4022 iohannes

302 4108 339 4172 et
361 4107 593 4194 guisenolsus.
632 4109 748 4195 Ipsum
773 4108 970 4177 iudicatum
994 4111 1181 4178 continet:
1219 4113 1259 4176 ln
1283 4107 1425 4176 nomine
1450 4109 1585 4176 domini
1610 4107 1776 4176 bicesinro
1800 4128 1891 4177 nono
1915 4128 2009 4176 anno
2034 4106 2168 4194 princi-

304 4267 409 4349 patus
432 4263 552 4330 domni
576 4263 689 4332 nostri
713 4261 920 4349 guaimarii,
947 4267 1097 4332 elnone
1122 4284 1215 4333 anno
1239 4264 1388 4332 ducatus
1412 4265 1489 4331 eius
1513 4266 1662 4341 amalfi,
1688 4267 1725 4330 et
1747 4266 1873 4330 octabo
1899 4282 1993 4332 anno
2018 4263 2170 4330 ducatus

307 4418 381 4484 eius
404 4419 574 4496 sirrenti‚
599 4421 636 4486 et
658 4422 760 4486 sexto
784 4439 880 4486 anno
904 4420 1129 4506 principatus
1152 4423 1189 4487 et
1211 4419 1368 4507 ipsorum
1393 4422 1587 4488 ducatuum
1612 4419 1732 4488 domni
1756 4419 1872 4504 gisold
1895 4419 1971 4484 eius
1995 4417 2059 4483 filii
2095 4417 2172 4483 exi-

306 4574 366 4641 mii
390 4575 565 4662 principis
589 4578 625 4641 et
648 4575 760 4653 duciS,
786 4595 908 4644 mense
931 4577 1104 4661 agustus,
1130 4573 1398 4660 quintadecima
1423 4575 1618 4642 indictione
1638 4601 1646 4651 3
1673 4579 1758 4642 ante
1782 4594 1838 4641 me
1862 4572 2022 4640 ademari
2048 4571 2166 4638 iudice

306 4730 472 4796 causabit
495 4729 635 4797 dauferi
658 4728 753 4795 filius
777 4731 956 4815 quondam
980 4730 1146 4826 iolrannis
1170 4749 1250 4798 cum
1275 4731 1436 4798 ademari
1461 4732 1534 4797 filio
1558 4731 1739 4818 quondam
1764 4728 1957 4834 grimqaldi
1972 4729 2093 4796 dicens
2116 4731 2162 4802 ei,

305 4885 343 4948 ut
366 4884 442 4970 ipse
466 4883 626 4950 ademari
650 4901 713 4968 per
738 4881 909 4950 birtutem
934 4881 1089 4949 misisset
1112 4883 1292 4951 caballum
1316 4887 1353 4950 et
1376 4885 1456 4952 vobi
1479 4883 1534 4951 sui
1559 4882 1597 4949 in
1623 4887 1728 4950 rebus
1752 4883 1869 4970 ipsius
1892 4881 2045 4954 deuteri,
2072 4883 2164 4968 quod

305 5037 390 5102 illut
412 5038 579 5122 paratum
603 5040 687 5104 abet
710 5040 746 5103 in
770 5037 885 5102 locum
911 5038 1105 5103 floccanum
1141 5039 1187 5104 da
1211 5037 1304 5103 mari
1328 5040 1510 5104 consortes
1542 5036 1652 5124 ipsius
1687 5035 1849 5103 ademari
1884 5036 1949 5102 dlii
1985 5035 2163 5122 quondam

309 5191 476 5277 jaquinti,
502 5193 538 5256 et
561 5192 723 5268 lavoreS,
750 5191 842 5278 qnod
866 5191 996 5259 ibidem
1020 5192 1236 5259 seminatum
1260 5193 1340 5266 est,
1366 5193 1412 5258 ab
1435 5191 1551 5276 ipsum
1574 5193 1757 5258 caballum
1780 5193 1817 5257 et
1840 5190 1919 5258 vobi
1944 5192 2057 5257 totum
2081 5191 2165 5257 illut

313 5351 468 5440 secesset
490 5351 526 5414 ct
551 5349 750 5415 rabuisset:
784 5347 858 5433 ipse
882 5345 1042 5414 ademari
1066 5346 1185 5417 dixit,
1224 5367 1293 5413 non
1316 5341 1379 5413 da't
1402 5346 1488 5412 deus
1512 5349 1552 5413 nt
1575 5347 1756 5414 caballum
1784 5349 1821 5414 et
1843 5345 1923 5412 vobi
1946 5345 2002 5412 sui
2025 5345 2063 5412 in
2086 5345 2164 5431 ipsa

314 5504 419 5570 rebus
442 5501 553 5587 ipsios
576 5501 715 5567 danseri
740 5521 804 5588 per
828 5501 997 5568 birtutem
1021 5501 1070 5568 ibi
1093 5458 1258 5577 misisset,
1274 5519 1337 5567 nec
1362 5503 1502 5568 lavores
1526 5500 1607 5569 inde
1631 5504 1797 5576 secasset,
1815 5503 1870 5567 set
1892 5501 2062 5567 noxiente
2084 5499 2167 5566 illut

319 5655 399 5742 ipsa
423 5675 486 5723 sua
510 5657 683 5724 animalia
708 5656 838 5723 ibidem
863 5656 1056 5723 introisset.
1095 5655 1192 5722 Unde
1216 5674 1282 5740 ego
1306 5655 1368 5740 qui
1392 5673 1501 5741 supra
1524 5654 1677 5722 iudicem
1712 5655 1809 5721 inter
1843 5653 1894 5721 eis
1918 5654 2100 5732 iudicabi,
2137 5657 2173 5719 et

320 5809 488 5899 utrisque
511 5809 585 5878 illis
607 5809 781 5896 guadiare
805 5811 884 5887 leci,
911 5811 951 5876 ut
974 5811 1048 5894 ipse
1071 5808 1211 5877 danseri
1234 5811 1382 5896 pararet
1405 5810 1531 5876 sancta
1554 5807 1612 5875 dei
1636 5808 1877 5894 evbangelia,
1918 5812 1954 5876 et
1989 5809 2062 5894 ipse
2092 5807 2174 5875 ade-
