5454 7104
616 471 683 546 11⁰
1242 471 1422 546 OODEX
1467 471 1732 546 eavnnsls

562 665 712 736 candela
727 667 770 734 de
786 669 865 736 oleo
882 667 1047 756 capiente
1071 669 1192 737 fialam
1209 689 1332 737 unam.
1346 669 1397 736 Ad
1415 669 1550 738 ovitum
1566 687 1650 736 vero
1666 686 1783 735 meum
1796 666 1880 734 totis
1903 665 1988 752 ipsis
2002 665 2194 735 declaratis
2217 668 2321 733 rebus
2336 683 2417 732 cum

558 823 721 890 omnibus
744 821 817 889 suis
840 821 1084 908 pertinentiis,
1111 825 1148 888 et
1171 823 1330 910 qualiter
1355 823 1518 910 superius
1541 823 1763 891 declaratum
1786 824 1867 899 est,
1907 823 2019 888 totum
2042 823 2079 888 et
2101 819 2265 888 inclitum
2288 817 2413 884 redeat

558 976 595 1044 in
619 977 793 1064 potestate
818 974 979 1060 predicte
1006 979 1193 1055 hecclesie,
1208 977 1383 1046 securiter
1407 980 1444 1044 et
1467 975 1617 1043 tirmiter
1640 975 1769 1042 abinde
1791 977 1950 1042 inantea
1972 993 2056 1061 pars
2079 972 2246 1041 iamdicte
2261 973 2413 1040 ecclesie

558 1129 652 1206 illut,
678 1129 770 1197 sicut
793 1129 926 1198 dictum
952 1135 1018 1209 est,
1043 1131 1259 1208 habendum,
1278 1130 1545 1208 dominandum,
1563 1131 1823 1238 possidendum,
1837 1134 1874 1198 et
1896 1132 2016 1200 omnia
2038 1130 2167 1200 exinde
2190 1129 2407 1204 iaciendum,

560 1305 628 1375 que
652 1287 697 1354 ad
721 1304 804 1372 pars
829 1284 997 1356 iamdicte
1022 1288 1172 1356 ecclesie
1197 1289 1387 1374 placuerit,
1407 1291 1539 1375 absque
1562 1287 1660 1354 omni
1683 1286 1939 1354 contrarietate
1963 1285 2092 1372 cuiqua
2114 1283 2330 1360 hominibus,
2348 1287 2413 1352 aut

559 1440 690 1528 aliquit
713 1441 756 1507 de
783 1441 976 1510 heredibus
1000 1440 1100 1508 meis.
1133 1440 1231 1507 Unde
1255 1460 1318 1527 pro
1343 1441 1449 1508 firma
1473 1441 1666 1508 securitate
1689 1441 1859 1526 guadiam
1884 1439 1930 1506 ad
1954 1440 2151 1526 predictum
2175 1438 2416 1525 grimoaldum

561 1591 741 1670 clericum,
768 1594 830 1682 qui
855 1599 910 1661 est
935 1599 1108 1662 rectorem
1132 1595 1296 1662 iamdicta
1320 1594 1483 1672 ecclesio,
1509 1593 1591 1661 dedi
1615 1596 1652 1661 et
1674 1594 1909 1662 mediatorem
1932 1593 1966 1659 ei
1990 1593 2090 1679 posui
2114 1594 2324 1662 silveramus
2347 1597 2419 1662 cle·

565 1751 660 1818 ricus
683 1752 775 1817 filius
799 1751 977 1836 quondam
1004 1750 1169 1827 maraldi;
1194 1753 1231 1817 et
1254 1770 1318 1836 per
1343 1750 1467 1818 eadem
1491 1750 1625 1835 guadia
1648 1749 1958 1824 etconvenientia
1979 1750 2100 1835 obligo
2123 1768 2179 1816 me
2202 1767 2268 1836 ego
2291 1753 2415 1836 petrus

565 1908 602 1972 et
625 1923 719 1972 meos
743 1903 888 1972 heredes
911 1904 1073 1992 predicta
1097 1906 1219 1971 nostra
1241 1904 1424 1971 offertione
1448 1905 1486 1972 in
1509 1905 1587 1990 ipsa
1609 1905 1761 1973 ecclesia
1783 1904 2037 1972 defensandum
2061 1903 2417 1978 ab¹omnibushomi-

564 2058 669 2122 nibus
693 2058 738 2122 ab
761 2055 927 2141 omnique
951 2055 1140 2140 partibus,
1177 2056 1286 2122 etiam
1311 2059 1347 2122 et
1374 2055 1420 2122 da
1445 2056 1518 2124 illis
1542 2056 1743 2124 hominibus
1767 2060 1805 2124 et
1826 2056 2017 2143 partibus,
2054 2057 2116 2142 qui
2139 2076 2202 2143 pro
2226 2057 2356 2124 nostris
2380 2060 2418 2125 et

565 2228 689 2277 earum
714 2212 772 2276 vel
798 2209 943 2276 illarum
971 2210 1142 2296 partibus,
1168 2211 1204 2276 iu
1229 2211 1307 2297 ipsa
1329 2211 1480 2278 ecclesia
1504 2212 1666 2298 qualivet
1688 2211 1852 2282 miserint
1873 2212 2103 2290 causationis
2128 2214 2165 2281 et
2187 2213 2306 2300 qualis
2330 2216 2418 2280 tem-

564 2384 648 2452 pore
672 2365 826 2432 voluerit
860 2383 945 2450 pars
971 2365 1134 2432 'amdiote
1158 2365 1307 2434 ecclesie
1342 2385 1406 2450 per
1440 2367 1584 2434 scinde
1618 2386 1695 2434 esse
1718 2369 1861 2435 autores
1894 2371 1932 2434 et
1964 2367 2192 2444 defensores,
2232 2367 2417 2435 licentiam

563 2519 694 2585 abeant
716 2536 797 2583 cum
820 2516 890 2584 ista
913 2519 1068 2592 cartula,
1094 2521 1232 2584 etcum
1257 2518 1363 2604 quale
1389 2517 1464 2585 alia
1486 2518 1664 2586 monimen
1687 2525 1722 2588 et
1747 2519 1924 2592 rationem
1948 2517 2031 2585 inde
2053 2519 2161 2585 abere
2185 2519 2353 2604 potuerit,
2379 2519 2417 2586 in

563 2670 724 2738 omnibus
747 2669 830 2737 inde
853 2688 1003 2736 causare
1027 2673 1063 2735 et
1084 2670 1190 2736 finem
1215 2671 1333 2737 facere
1357 2674 1394 2738 et
1417 2671 1501 2738 illut
1523 2672 1591 2740 sibi
1614 2673 1810 2740 defensare.
1829 2674 1931 2750 Nam,
1956 2671 2098 2759 quando
2122 2690 2184 2739 nos
2209 2673 2418 2761 nostrosque

564 2825 713 2892 heredes
736 2823 817 2891 inde
843 2827 987 2892 autores
1010 2829 1047 2892 et
1069 2825 1271 2892 defensores
1295 2826 1404 2892 abere
1429 2827 1612 2913 quesierit,
1627 2845 1690 2895 nos
1713 2829 1834 2895 autem
1857 2827 2065 2914 nostrosque
2081 2827 2230 2895 heredes
2253 2830 2291 2894 in
2306 2828 2420 2894 omni-

563 2981 640 3054 bus,
668 2981 707 3045 ut
729 2978 863 3046 dictum
891 2983 956 3055 est,
984 2981 1062 3046 illut
1086 2982 1124 3048 in
1148 2981 1308 3068 predicta
1331 2981 1484 3048 ecclesia
1507 2981 1756 3058 defensemus,
1781 2981 1875 3050 sicut
1897 2981 2061 3068 superius
2084 2982 2235 3068 legitur.
2273 2983 2363 3058 Quot
2385 2980 2417 3050 si

564 3134 689 3200 taliter
711 3133 843 3210 omnia,
862 3137 902 3200 ut
920 3135 1052 3204 dictum
1077 3139 1143 3213 est,
1162 3136 1198 3202 in
1222 3135 1383 3222 predicta
1406 3135 1558 3203 ecclesia
1573 3155 1643 3204 non
1666 3135 1978 3222 adimpleverimus
2002 3138 2065 3202 aut
2087 3135 2118 3203 si
2137 3185 2254 3204 .....
2276 3155 2419 3222 quomo-

567 3284 762 3372 documque
785 3305 850 3371 per
873 3288 1167 3374 qualemcumque
1192 3288 1363 3355 rationem
1389 3288 1472 3354 illut
1495 3289 1551 3368 vel
1574 3288 1705 3356 exinde
1729 3289 1772 3355 de
1795 3289 1874 3374 ipsa
1897 3288 2048 3356 ecclesia
2071 3287 2226 3366 tollere,
2252 3293 2419 3359 contrare

563 3441 623 3508 vel
646 3442 827 3506 remobere
850 3441 1096 3526 quesierimus,
1122 3444 1186 3508 aut
1208 3441 1239 3508 si
1261 3441 1393 3527 aliquis
1417 3443 1633 3510 causationis
1657 3441 1694 3508 in
1715 3461 1799 3528 pars
1822 3441 1989 3510 iamdicta
2012 3442 2162 3510 ecclesie
2185 3443 2316 3511 exinde
2340 3464 2421 3530 pre·

563 3594 808 3682 posuerimus,
835 3613 899 3680 per
922 3613 985 3662 nos
1008 3597 1100 3678 ipsos
1124 3596 1180 3662 vel
1203 3613 1267 3680 per
1289 3596 1500 3663 submissam
1524 3600 1695 3674 nostram,
1721 3597 1799 3665 ideo
1822 3617 1887 3684 per
1910 3597 2196 3669 convenientiam
2219 3601 2339 3686 obligo
2363 3617 2419 3668 me

563 3765 629 3833 ego
651 3750 774 3833 petrus
797 3747 834 3812 et
858 3765 952 3814 meos
976 3747 1126 3814 heredes
1150 3747 1195 3814 ad
1218 3749 1501 3834 componendum
1526 3749 1591 3818 tibi
1615 3750 1812 3848 grimoaldi·
1830 3750 1980 3830 clerici,
2017 3751 2074 3820 vel
2097 3755 2154 3820 cui
2179 3755 2327 3822 cartula
2351 3755 2420 3822 ista
2523 3743 2528 3754 ’

564 3919 629 3987 pro
652 3917 736 3986 pars
759 3899 930 3968 iamdicte
954 3899 1101 3968 ecclesie
1126 3901 1163 3964 in
1186 3918 1312 3968 manus
1336 3902 1510 3986 paruerit,
1526 3889 1790 3990 quinquaginta
1811 3905 1913 3972 aurei
1936 3903 2043 3974 solidi
2058 3905 2339 3975 constantiniani
2356 3925 2420 3994 per

567 4051 738 4120 iamdicta
760 4049 895 4138 guadia
918 4053 955 4120 et
977 4053 1176 4140 predictum
1199 4053 1431 4122 mediatorem
1450 4079 1458 4132 ς
1495 4059 1532 4123 et
1554 4057 1718 4142 superius
1740 4056 1873 4124 dicitur
1895 4057 1992 4126 inter
2015 4059 2149 4145 virguli
2172 4059 2352 4137 ecclesia3
2382 4063 2420 4128 et

567 4205 689 4273 taliter
711 4203 872 4273 scribere
897 4206 1098 4292 rogabimus
1121 4209 1156 4274 te
1180 4206 1352 4274 raidolfus
1375 4207 1545 4276 diaconus
1561 4207 1787 4294 primicerius
1809 4213 1847 4278 et
1870 4213 2032 4279 notarius
2047 4212 2144 4280 intus
2167 4211 2415 4300 caputaquis.

609 4357 638 4448 †
659 4359 734 4445 Ego
756 4359 881 4445 petrus
907 4359 1090 4426 castaldus

609 4508 637 4601 †
661 4513 734 4598 Ego
757 4511 865 4598 guido
888 4509 1136 4580 subdiaconus.

1386 4961 1600 5044 MCXX

1344 5237 1403 5312 A.
1431 5235 1488 5311 D.
1517 5237 1642 5314 1049

610 5429 638 5520 †
663 5433 701 5497 ln
725 5433 865 5500 nomine
890 5425 1026 5502 domini
1052 5432 1240 5501 Tricesimo
1263 5433 1379 5520 primo
1403 5456 1496 5505 anno
1519 5439 1742 5526 principatus
1763 5439 1884 5510 domni
1920 5443 2033 5511 nostri
2057 5441 2250 5530 guaimarii
2273 5445 2420 5531 gloriosi

563 5585 766 5674 principis,
791 5591 828 5656 et
851 5588 1034 5657 undecimo
1058 5609 1153 5658 anno
1178 5588 1327 5658 ducatus
1351 5591 1427 5659 eius
1451 5593 1572 5662 amalfi
1594 5597 1631 5662 et
1653 5596 1833 5675 surrenti,
1873 5600 1910 5665 et
1932 5600 2058 5666 octabo
2082 5617 2175 5666 anno
2199 5597 2420 5685 principatus

568 5741 721 5828 ipsorum
753 5741 946 5812 ducatuum
969 5743 1087 5813 domni
1111 5743 1233 5831 gisulfi
1259 5747 1296 5813 et
1317 5739 1382 5812 filii
1407 5747 1531 5815 eximii
1555 5747 1726 5836 principis
1749 5753 1786 5818 et
1808 5749 1934 5829 ducis,
1971 5754 2130 5820 etsexta
2154 5771 2248 5820 anno
2274 5748 2422 5822 ducatus
