5452 7108
606 509 652 588 28
1249 504 1425 580 COllEX
1457 505 1720 580 CAVENSIS

551 703 609 770 sia
632 704 758 770 sancta
780 700 876 768 lucia
899 720 973 768 una
997 701 1100 788 pecie
1123 701 1166 768 de
1190 703 1290 770 terra
1313 701 1351 769 in
1374 702 1488 790 ipsum
1512 703 1630 770 locum
1654 702 1856 780 balnearia,
1883 705 1943 772 ubi
1966 723 2062 776 anna
2084 723 2255 771 cennama
2278 705 2413 808 clama-

551 859 624 935 tur,
651 859 687 923 et
710 854 836 923 inclita
859 855 1016 922 sortione
1040 858 1163 924 nostra
1186 856 1230 923 de
1245 855 1324 944 ipsu
1341 857 1586 925 munticellurn
1605 857 1652 924 da
1667 859 1830 926 sanctum
1853 845 2076 944 archangelu
2092 857 2280 925 salientem
2305 877 2413 945 usque

549 1010 598 1078 ad
622 1011 739 1099 ipsum
763 1012 922 1088 fossatu,
950 1010 1011 1099 qui
1034 1013 1089 1078 est
1111 1010 1310 1099 propinquo
1333 1010 1378 1078 ad
1401 1011 1480 1098 ipsa
1501 1011 1655 1080 ecclesia
1677 1015 1840 1080 sanctum
1864 1013 2097 1098 archangelu.
2123 1014 2179 1089 et,
2205 1011 2299 1079 sicut
2320 1009 2414 1080 dixi-

554 1184 645 1242 mus,
672 1165 830 1252 qualiter
854 1184 916 1232 nos
940 1165 1071 1234 ibidem
1095 1185 1217 1233 sumus
1240 1165 1458 1234 dominaturi
1481 1167 1518 1233 et
1540 1165 1735 1253 possessuri
1757 1183 1879 1233 sumus
1901 1165 1945 1232 de
1968 1165 2120 1252 gradum
2144 1167 2352 1254 parentum,
2378 1168 2415 1232 et

550 1317 600 1387 da
622 1317 839 1405 genitorem,
864 1319 902 1384 et
925 1317 972 1386 da
994 1317 1207 1403 genitricem
1232 1322 1365 1396 nostra,
1396 1319 1510 1385 totum
1533 1322 1570 1386 et
1592 1318 1757 1386 inolitum
1781 1319 1866 1386 illut
1888 1317 2101 1386 tradidimus
2125 1322 2163 1386 et
2184 1319 2353 1413 oferimus
2376 1318 2415 1386 in

552 1473 630 1560 ipsa
653 1472 824 1541 iamdicta
847 1471 999 1540 ecclesia
1021 1474 1147 1538 sancta
1170 1470 1289 1550 lucia,
1313 1470 1357 1538 ad
1378 1470 1580 1539 faciendum
1603 1491 1684 1559 pars
1715 1472 1883 1540 iamdicte
1906 1471 2053 1540 ecclesie
2087 1477 2124 1541 et
2147 1473 2223 1541 eius
2259 1473 2415 1542 rectores

551 1626 715 1714 quicquit
737 1626 904 1704 voluerit,
931 1627 971 1693 ut
994 1645 1065 1694 non
1088 1625 1186 1692 siant
1209 1628 1450 1693 substractum
1474 1625 1633 1713 aliquam
1656 1629 1760 1714 parte
1783 1627 1826 1694 de
1849 1627 1928 1713 ipsa
1950 1627 2124 1705 ecclesia,
2149 1631 2187 1695 et
2209 1629 2260 1696 sic
2283 1627 2414 1697 ibidem

556 1779 774 1868 permanead
797 1776 890 1848 omni
915 1782 1072 1867 ternpore
1097 1799 1176 1846 curn
1200 1779 1322 1846 omnia
1348 1777 1446 1846 intra
1470 1798 1538 1866 que
1562 1799 1640 1848 eam
1663 1784 1766 1858 sunt,
1792 1785 1829 1848 et
1850 1783 1968 1850 cuntis
1991 1782 2245 1869 pertinentiis,
2270 1785 2410 1848 etcum

553 1935 631 2002 bice
656 1935 699 2002 de
723 1934 791 2002 biis
814 1934 888 2002 suis
912 1937 985 2002 tota
1000 1937 1037 2001 et
1060 1933 1204 2020 integra
1227 1933 1325 2002 siant
1348 1935 1393 2002 ad
1416 1935 1592 2021 potestate
1616 1935 1658 2002 de
1682 1934 1852 2003 iamdicta
1874 1936 1952 2022 ipsa
1967 1935 2120 2004 ecclesia
2142 1938 2179 2003 et
2194 1937 2237 2004 de
2259 1938 2415 2004 rectores

552 2089 663 2176 ipsius
686 2089 846 2156 ecclesie.
872 2089 915 2155 de
939 2108 1010 2176 qua
1035 2107 1098 2155 nos
1110 2089 1423 2176 supranominatus
1448 2089 1619 2158 raidolfus
1643 2089 1816 2176 presbiter
1839 2093 1875 2156 et
1898 2093 2019 2169 abbas,
2045 2093 2082 2157 et
2104 2110 2274 2169 sesamus,
2293 2091 2416 2160 iohan-

553 2261 628 2321 nes,
655 2263 750 2321 urso,
777 2244 903 2323 ralfus,
929 2243 1160 2330 golprandus,
1187 2245 1394 2322 madelmus
1420 2244 1600 2323 aloardus,
1626 2248 1760 2332 petrus,
1785 2245 1915 2312 dilecto
1938 2245 2080 2322 clerico,
2098 2247 2135 2312 et
2158 2221 2220 2312 nos
2243 2244 2414 2313 mulieres

550 2399 665 2485 gaita,
691 2399 819 2477 salvia,
838 2399 974 2474 aloara,
1000 2398 1141 2476 dilecta,
1161 2419 1249 2466 vone
1273 2401 1392 2467 nostre
1417 2399 1610 2466 voluntatis
1633 2419 1819 2467 commune
1842 2418 2014 2468 consensu
2040 2398 2285 2476 unianimiter,
2302 2401 2340 2467 et
2354 2417 2417 2467 nos

550 2554 720 2622 mulieres
744 2573 920 2621 unacum
945 2554 1137 2622 mundoald
1161 2553 1311 2631 nostris,
1337 2555 1531 2622 secundum
1554 2556 1635 2640 lege
1658 2556 1776 2640 gentis
1799 2558 1919 2622 nostre
1942 2553 2256 2641 langobardorum,
2281 2553 2418 2641 obliga-

552 2709 669 2776 vimus
693 2727 755 2775 nos
779 2713 816 2776 et
839 2708 970 2777 nostris
994 2708 1159 2776 eredibus
1182 2727 1321 2794 semper
1343 2707 1550 2775 defenderet
1573 2705 1649 2795 ipsa
1671 2707 1917 2795 suprascripta
1941 2711 2063 2776 nostra
2079 2708 2251 2777 ofertione
2274 2709 2312 2776 in
2335 2729 2418 2797 par·

548 2863 647 2930 tibus
672 2862 783 2949 ipsius
807 2861 954 2929 ecclesie
978 2865 1101 2930 sancte
1124 2862 1218 2930 lucie
1230 2863 1277 2929 da
1298 2879 1420 2928 omnes
1442 2861 1579 2929 omines
1603 2860 1790 2949 homnique
1802 2863 1977 2949 partibus,
1995 2883 2076 2930 cum
2099 2864 2220 2931 omnia
2235 2857 2332 2930 intra
2347 2883 2416 2952 que

547 3035 629 3084 eam
653 3003 936 3083 sunbernionis
960 3014 1213 3102 pertinentiis,
1244 3019 1383 3081 etcum
1408 3010 1483 3082 bioe
1506 3015 1549 3082 de
1574 3016 1633 3082 via
1656 3033 1721 3082 sua
1745 3015 1783 3082 in
1806 3015 1902 3082 omni
1925 3015 2048 3082 ordine
2071 3019 2108 3084 et
2133 3013 2296 3094 ratione,
2321 3013 2413 3084 sicut

547 3167 715 3255 superius
738 3164 906 3244 diximus
921 3171 957 3235 et
974 3168 1114 3255 quando
1139 3187 1223 3256 pars
1246 3167 1357 3256 ipsius
1381 3168 1529 3236 ecclesie
1554 3169 1688 3235 vellent
1704 3168 1787 3236 inde
1811 3171 1944 3236 asseret
1959 3173 2103 3238 auctore
2127 3174 2164 3236 et
2178 3170 2415 3248 defensorem,

548 3325 723 3411 potestate
748 3326 879 3390 abeant
903 3324 1014 3390 modis
1038 3319 1073 3390 in
1097 3319 1257 3392 omnibus
1280 3324 1362 3391 inde
1385 3341 1502 3391 essere
1527 3325 1671 3391 auctore
1695 3327 1732 3390 et
1747 3324 1942 3402 defensore,
1958 3345 2038 3392 curn
2063 3321 2131 3392 ista
2151 3325 2294 3393 cartula
2309 3329 2413 3395 offer-

549 3476 670 3554 tionis,
696 3481 733 3545 et
756 3498 836 3546 cum
861 3479 980 3566 qualis
1004 3477 1258 3547 muniminibus
1282 3482 1319 3546 et
1342 3478 1553 3556 rationibus,
1572 3497 1661 3565 quas
1684 3478 1765 3545 inde
1788 3479 2000 3556 ostederitis,
2026 3483 2063 3545 et
2086 3480 2192 3546 finem
2215 3481 2345 3558 facere,
2364 3481 2410 3548 si-

541 3636 611 3700 cut
633 3634 764 3712 vultis:
786 3635 883 3730 guod
907 3634 938 3702 si
962 3634 1096 3714 omnia,
1124 3637 1163 3701 ut
1185 3633 1347 3722 superius
1370 3631 1542 3720 scripturn
1566 3636 1646 3711 est,
1683 3629 1767 3701 illut
1789 3629 1826 3702 in
1849 3634 2010 3721 partibus
2034 3633 2145 3720 ipsius
2168 3633 2316 3729 ecclesie
2339 3654 2410 3704 non

548 3785 873 3874 adirnpleberimus,
889 3791 946 3856 vel
969 3785 1099 3876 aliquit
1122 3787 1204 3856 inde
1228 3806 1287 3854 eos
1310 3787 1436 3855 tollere
1460 3789 1522 3854 aut
1544 3789 1710 3854 contrare
1736 3783 1970 3873 quesierimus
1985 3805 2049 3871 per
2073 3788 2329 3874 qualecumque
2352 3808 2410 3856 ra-

549 3941 657 4018 tione,
684 3943 768 4008 tunc
791 3942 1030 4027 obligabimus
1054 3959 1117 4008 nos
1143 3943 1179 4008 et
1202 3941 1334 4009 nostris
1357 3941 1522 4008 erodibus
1546 3941 1591 4008 ad
1614 3937 1891 4025 componendum
1918 3933 1953 4004 in
1977 3938 2139 4024 partibus
2162 3939 2273 4026 ipsius
2296 3943 2408 4008 eccle·
2487 3923 2489 3928 ⁵

546 4095 611 4174 sie,
636 4114 735 4162 seum
758 4095 816 4162 cui
839 4098 981 4163 cartula
1003 4097 1073 4163 ista
1096 4116 1159 4183 pro
1184 4099 1288 4182 parte
1311 4093 1422 4182 ipsius
1445 4094 1594 4162 ecclesie
1618 4094 1656 4160 in
1679 4111 1787 4160 manu
1810 4087 1983 4178 paruerit,
2009 4095 2151 4160 centum
2176 4094 2256 4162 auri
2278 4092 2409 4164 solidos

547 4248 865 4327 constantinianus
884 4253 920 4316 et
942 4250 980 4317 in
1004 4249 1247 4336 suprascripta
1270 4247 1451 4316 ofertionis
1474 4247 1625 4315 firmiter
1648 4266 1859 4334 permanere
1882 4249 1921 4315 in
1945 4247 2023 4336 ipsa
2045 4248 2207 4317 ecclesia.
2226 4252 2262 4317 et
2285 4251 2409 4320 taliter

548 4421 617 4470 anc
642 4403 784 4470 cartula
807 4403 991 4471 ofertionis
1015 4403 1172 4471 scribere
1197 4402 1402 4490 rogavimus
1426 4405 1461 4468 te
1485 4400 1657 4468 iohannes
1681 4399 1854 4478 notarius,
1880 4401 1961 4467 actu
1984 4401 2175 4470 mitilian0.

591 4557 619 4648 †
643 4561 716 4643 Ego
740 4556 941 4624 theoderico
966 4557 1142 4644 presbiter

592 4711 619 4801 †
645 4715 717 4798 llgo
742 4709 889 4779 concilis
911 4711 1104 4799 presbiter.
1134 4711 1136 4716 ’

1336 5095 1633 5184 MLXXIV

1333 5406 1392 5480 Α.
1421 5403 1477 5477 n.
1506 5403 1630 5480 1047
1707 5353 1709 5357 ’

590 5639 616 5730 †
643 5643 680 5707 ln
705 5637 846 5707 nomine
870 5635 1004 5707 domini
1029 5639 1193 5708 vicesimo
1218 5661 1309 5708 nono
1332 5657 1424 5707 anno
1448 5639 1671 5727 principatus
1695 5641 1829 5709 salerni
1854 5641 1973 5710 domni
1997 5643 2109 5711 nostri
2133 5640 2340 5730 guaimarii,
2362 5647 2405 5712 'e't

546 5795 672 5862 octabo
696 5811 789 5862 anno
813 5792 963 5861 ducatus
987 5793 1063 5861 cius
1087 5795 1207 5862 arnald
1230 5797 1269 5862 et·
1288 5794 1495 5871 sirrentum,
1510 5795 1547 5860 et
1569 5793 1692 5880 quinto
1709 5813 1801 5862 anno
1823 5797 2147 5884 suprascriptorum
2164 5797 2406 5886 principatum
