5398 7106
1025 473 1431 590 uincourrrcus
2027 479 2093 565 auu
2136 569 2141 578 f

289 687 355 743 nos
379 673 479 739 terra
502 689 584 738 cum
610 670 716 738 vinea
739 673 776 738 et
799 669 923 757 pomis,
949 671 988 736 et
1010 669 1240 745 conuictum,
1265 671 1302 735 et
1323 664 1508 736 salicetum
1533 669 1577 737 de
1601 673 1718 739 locum
1741 671 1908 751 lecubia,
1936 674 2068 740 finibus
2090 691 2146 740 sa-

288 825 494 903 lernitane,
521 825 614 915 quod
637 825 709 893 ianr
734 827 819 892 anto
842 825 906 892 hos
928 825 1065 892 hannos
1088 843 1154 911 ego
1177 828 1217 894 in
1240 823 1416 911 partionis
1438 825 1483 893 ad
1506 827 1764 912 pastenandum
1789 828 1911 895 datum
1939 828 2065 895 habuit
2087 847 2145 896 su-

292 981 495 1070 prascripto
518 980 675 1067 genitori
697 979 786 1055 eius,
812 999 876 1068 per
898 979 985 1047 fines
1007 980 1045 1046 et
1067 979 1258 1059 mensurio,
1284 981 1378 1048 siout
1400 980 1469 1068 ipsi
1493 981 1593 1050 brebi
1616 981 1660 1048 de
1684 981 1762 1069 ipsa
1785 983 2034 1068 pastenatione
2052 1003 2142 1050 con-

285 1135 424 1212 tinunt,
448 1136 486 1201 et
508 1117 742 1202 constitutum
766 1152 835 1220 que
859 1133 941 1201 inde
964 1133 1116 1221 positum
1141 1133 1330 1239 habuimus
1354 1135 1427 1202 iam
1451 1135 1615 1212 transiit,
1641 1139 1678 1204 et
1701 1135 1740 1204 in
1762 1136 1887 1204 eadem
1913 1140 2011 1204 terra
2035 1137 2141 1202 vinea
2245 1130 2249 1136 '

287 1291 326 1358 et
348 1287 474 1376 pomis,
500 1288 537 1355 et
560 1287 779 1364 cannietum,
797 1290 835 1354 et
857 1289 1058 1356 sallicetum
1083 1291 1217 1356 factum
1242 1293 1279 1356 et
1301 1291 1487 1377 operatum
1513 1291 1662 1366 habunt,
1680 1289 1774 1356 sicut
1797 1289 1879 1357 inde
1901 1290 2052 1375 obligati
2072 1293 2144 1357 sue-

283 1443 389 1510 runt.
415 1443 516 1510 Modo
541 1445 662 1510 autem
688 1444 740 1510 uti
765 1440 920 1511 diximus
943 1445 1134 1530 propterea
1156 1444 1241 1510 sunt
1263 1441 1446 1511 coniuncti
1462 1446 1568 1512 rebus
1591 1445 1670 1530 ipsa
1693 1445 1739 1512 ad
1763 1440 1990 1518 vindendum3
2009 1447 2045 1513 et
2068 1449 2139 1510 sta-

284 1592 364 1670 tim,
389 1591 482 1660 sicut
506 1592 604 1662 inter
627 1611 690 1662 uos
714 1595 889 1671 convenit,
915 1596 992 1682 ipse
1016 1611 1119 1664 ursus
1143 1615 1318 1664 unacum
1344 1597 1418 1683 ipso
1441 1615 1504 1664 suo
1528 1598 1740 1666 advocatore
1763 1598 1963 1666 diviserunt
1986 1599 2061 1684 ipsu
2087 1617 2141 1664 rc·
2201 1590 2203 1597 ’

283 1749 360 1822 bus,
386 1749 423 1812 et
446 1747 610 1815 fecerunt
633 1747 717 1815 inde
740 1749 809 1816 due
832 1747 1025 1818 sortionis:
1062 1768 1169 1818 unam
1193 1753 1326 1817 sortem
1351 1752 1514 1817 fecerunt
1538 1769 1613 1818 esse
1637 1751 1676 1818 in
1699 1752 1865 1838 partibus
1888 1752 2036 1820 orientis
2060 1773 2140 1818 cou-

258 1899 407 1966 viuncta
429 1899 474 1966 ad
499 1919 594 1987 aqua
618 1900 662 1968 dc
686 1901 799 1988 ipsam
822 1903 975 1980 locubia‚
1000 1905 1037 1970 et
1059 1903 1135 1970 alia
1157 1905 1252 1969 sorte
1276 1903 1438 1970 fecerunt
1461 1921 1537 1970 esse
1560 1901 1599 1970 iu
1623 1903 1785 1990 partibus
1808 1905 2017 1973 occidentis:
2048 1907 2138 1972 uude

281 2051 381 2138 prius
404 2069 471 2136 ego
496 2051 698 2118 nominatus
722 2053 839 2139 pando
864 2055 1128 2139 comprehensit
1150 2054 1229 2140 ipsa
1251 2054 1442 2122 sartionem
1467 2053 1513 2120 da
1537 2057 1640 2140 parte
1662 2051 1833 2134 orientis,
1860 2059 1896 2123 et
1920 2056 2030 2144 ipsius
2060 2058 2135 2124 ursi

280 2206 431 2274 tradidit
453 2206 531 2292 ipsa
554 2206 711 2273 sortione
734 2206 781 2274 da
804 2208 907 2292 parte
938 2259 1167 2274 .......
1195 2210 1224 2272 Α
1248 2209 1351 2293 parte
1374 2207 1523 2276 orientis
1546 2208 1626 2276 fluis
1649 2209 1727 2295 ipsa
1749 2210 1906 2278 sortione
1930 2211 2021 2297 quod
2046 2230 2138 2276 coni-

280 2359 477 2446 prehensit,
503 2360 597 2426 sicut
619 2360 765 2428 termini
788 2360 862 2426 ficti
883 2363 980 2438 suut,
1006 2363 1043 2428 et
1066 2359 1149 2428 inde
1174 2363 1258 2428 sunt
1280 2356 1372 2447 passi
1398 2359 1592 2446 sexaginta
1615 2361 1696 2431 duo;
1722 2361 1766 2428 de
1789 2361 1877 2448 pede
1899 2363 1968 2429 fine
1993 2363 2073 2436 viu,
2100 2369 2159 2428 et·

278 2511 361 2580 inde
385 2515 470 2580 sunt
493 2512 588 2599 passi
612 2513 741 2598 viginti
765 2515 857 2581 ecto.
884 2514 914 2578 A
937 2517 1041 2599 parte
1065 2513 1259 2581 occidentis
1282 2512 1363 2580 finis
1387 2513 1459 2590 via,
1485 2514 1627 2581 atinde
1650 2487 2132 2602 suntpassiquinquagintn

278 2667 315 2733 et
337 2665 467 2734 abinde
491 2666 698 2734 revolbente
722 2667 760 2736 in
784 2667 863 2754 ipsa
886 2667 947 2735 via
971 2668 1008 2735 in
1032 2671 1135 2754 parte
1159 2667 1336 2744 orientis,
1362 2668 1445 2736 inde
1468 2669 1563 2755 passi
1588 2668 1716 2754 viginti
1738 2669 1831 2747 duo;
1858 2672 1971 2736 totum
1995 2689 2135 2736 munsu-

278 2823 395 2886 ratum
421 2820 465 2889 ad
480 2838 637 2906 passum,
663 2821 755 2907 quod
779 2821 962 2907 signatum
986 2824 1042 2888 est
1065 2820 1104 2888 in
1127 2821 1293 2898 columna
1316 2839 1518 2890 marmorea
1541 2821 1761 2888 deecclesia
1784 2823 1901 2889 sancti
1926 2825 2060 2890 matbe'.
2087 2823 2129 2888 de

264 2971 534 3061 -archipiscopio
557 2975 806 3052 salernitan03
832 2993 896 3062 per
920 2975 1109 3043 iamdictas
1132 2976 1218 3042 fines
1241 2977 1278 3041 et
1300 2993 1488 3052 mensure,
1515 2976 1628 3042 totum
1652 2983 1688 3040 et
1712 2973 1876 3042 inclitum
1906 2994 1985 3042 cum
2009 2977 2129 3042 onnia

276 3124 369 3195 intro
392 3146 431 3196 se
459 3179 647 3196 ......
672 3137 708 3197 et
731 3149 813 3196 cum
837 3130 914 3196 vice
938 3130 981 3196 de
1006 3129 1064 3196 via
1087 3147 1163 3206 sna,
1181 3128 1272 3196 illud
1296 3129 1363 3216 ipsi
1386 3127 1537 3196 tradidit
1561 3147 1624 3214 pro
1647 3077 1713 3195 sua
1735 3129 1906 3206 sortione,
1931 3130 2160 3196 faciendum

275 3281 359 3350 inde
383 3282 475 3369 quud
500 3281 693 3359 voluerint,
718 3301 859 3368 semper
882 3282 1106 3350 defensatum
1131 3299 1195 3369 per
1220 3299 1276 3348 me
1300 3283 1337 3348 et
1359 3261 1545 3367 permees
1570 3281 1720 3348 heredes
1743 3281 1789 3350 da
1811 3301 1933 3350 omnes
1956 3283 2128 3350 honines.

274 3438 310 3504 et
333 3436 396 3504 ille
417 3455 484 3522 pro
511 3436 633 3504 taliter
648 3437 821 3523 guadiam
847 3437 956 3504 michi
980 3436 1079 3504 dedit
1102 3439 1138 3504 et
1150 3436 1383 3504 mediatorem
1408 3435 1517 3504 michi
1540 3435 1659 3522 posuit
1673 3435 1895 3521 grimoaldus
1911 3432 2004 3503 tilius
2021 3457 2132 3522 prou·

274 3592 357 3659 dam
380 3589 588 3658 landenolfi.
615 3593 651 3658 et
674 3610 739 3678 per
762 3591 877 3678 ipsam
901 3590 1073 3676 guadiam
1096 3591 1273 3676 obligavit
1295 3609 1333 3658 se
1357 3593 1393 3658 et
1416 3609 1497 3658 suos
1521 3591 1683 3670 heredes,
1701 3594 1742 3658 ut
1764 3591 1796 3659 si
1819 3590 2130 3680 aliquandorittud

278 3747 447 3816 daturum
473 3749 537 3815 aut
560 3747 791 3814 venditurum
816 3745 1010 3822 habuerit,
1048 3765 1119 3814 non
1142 3747 1294 3812 aberent
1316 3745 1530 3830 potestatem
1553 3742 1683 3831 cuique
1706 3742 1796 3810 illud
1820 3743 1908 3810 dare
1933 3743 2132 3833 pernulla

274 3902 427 4000 ratione,
453 3900 501 3967 ud
525 3899 568 3967 de
592 3899 738 3966 illerum
762 3899 939 3985 potestate
962 3915 1038 3966 esse
1061 3899 1305 3964 substractum
1334 3948 1641 3964 .........
1666 3893 1759 3963 illud
1785 3894 2005 3998 vindantad
2030 3896 2130 3986 iustu

274 4055 431 4124 saliente
444 4053 614 4152 pretium,
630 4072 698 4140 que
714 4053 816 4120 iuxte
840 4051 952 4120 fuerit
974 4050 1229 4141 appretiatum,
1247 4054 1285 4118 et
1307 4051 1444 4120 faciant
1460 4069 1522 4118 nos
1537 4050 1622 4118 inde
1645 4049 1738 4116 scire
1754 4069 1818 4136 pro
1835 4047 1925 4115 illud
1940 4047 2126 4114 emendum

271 4227 337 4298 per
361 4209 506 4277 tertium
530 4207 766 4275 constitutum
791 4222 903 4293 usque
933 4205 1057 4274 diebus
1081 4204 1237 4290 triginta
1258 4223 1337 4272 sex.
1361 4204 1451 4272 etsi
1475 4203 1573 4271 iufra
1595 4202 1674 4290 ipsa
1700 4202 1895 4270 constituta
1910 4201 2128 4270 noluerimus

258 4363 364 4432 illud
385 4381 506 4432 emera
529 4363 566 4429 et
589 4361 676 4429 dare
699 4361 785 4428 iude
809 4359 911 4427 nobis
934 4358 1037 4428 iuxto
1062 4359 1221 4426 halieute
1245 4357 1429 4444 pretium,
1470 4359 1557 4424 tunc
1581 4358 1661 4443 post
1683 4356 1762 4443 ipsa
1783 4355 1979 4424 constituta
2012 4355 2125 4421 liceat

271 4537 334 4587 vos
359 4517 450 4585 illud
473 4516 561 4583 dare
584 4515 643 4583 cui
666 4511 866 4582 volueritis.
908 4515 999 4582 Nam
1019 4513 1053 4582 si
1076 4514 1160 4580 aute
1183 4513 1263 4598 ipsa
1285 4511 1481 4580 constituta
1503 4511 1716 4598 cuicumque
1739 4509 1831 4576 illud
1861 4507 2032 4576 dederitis
2056 4511 2117 4575 ab·

253 4689 356 4760 sque
380 4673 503 4740 nostra
526 4669 718 4746 solutione,
736 4668 788 4736 sic
813 4671 851 4736 ut
873 4667 917 4736 de
939 4669 1065 4735 nostra
1088 4669 1264 4752 potesate
1287 4683 1364 4734 esse
1386 4666 1641 4742 substractum,
1668 4665 1754 4730 tunc
1776 4663 1854 4730 siue
1881 4713 2111 4729 .......

271 4827 461 4916 potestate.
487 4824 580 4912 quod
603 4822 634 4890 si
652 4805 790 4910 ¹aliquit
811 4822 856 4889 de
878 4819 1051 4908 quomodo
1074 4819 1238 4904 superius
1261 4818 1409 4904 legitur,
1435 4816 1609 4906 quesierit
1631 4833 1814 4900 removere
1846 4816 1909 4882 aut
1932 4819 2111 4894 contrare,

270 4985 305 5051 et
328 4983 452 5049 taliter
475 4979 595 5049 omnia
619 4977 867 5065 suprascripta
888 4975 990 5044 nobis
1013 4991 1083 5042 nen
1106 4973 1394 5060 adimpleberint,
1420 4975 1457 5040 et
1479 4972 1518 5040 in
1539 4969 1748 5060 supradicta
1770 4968 1945 5039 divisione
1968 4971 2120 5039 firmiter

268 5159 341 5209 non
364 5134 640 5225 permanserint,
666 5152 732 5221 per
754 5133 868 5220 ipsam
884 5129 1053 5216 guadiam
1078 5145 1289 5215 componere
1305 5126 1480 5213 obligavit
1502 5145 1540 5193 se
1563 5129 1600 5194 et
1622 5144 1703 5194 suos
1719 5127 1869 5194 heredes
1892 5126 1999 5194 michi
2018 5127 2120 5194 urcis—
2226 5189 2229 5194 ,

267 5312 338 5382 que
360 5292 552 5361 heredibus
576 5287 707 5375 viginti
733 5285 836 5354 aurei
851 5284 982 5353 solidos
1005 5283 1260 5359 constantines,
1274 5285 1312 5349 et
1334 5282 1374 5350 in
1389 5280 1639 5367 suprascripta
1654 5279 1839 5358 divisione,
1857 5279 1951 5348 sicut
1974 5281 2110 5349 dictum

267 5450 342 5525 est,
368 5445 464 5513 omni
488 5448 648 5532 tempore
671 5441 822 5509 tirmiter
846 5438 1102 5526 permanerent
1117 5461 1129 5514 .;
1154 5437 1192 5508 ,et
1214 5437 1311 5504 hunc
1336 5437 1480 5504 brebem
1504 5435 1632 5522 scripsi
1655 5453 1722 5520 ego
1747 5434 1930 5522 iaquintus
1953 5435 2116 5514 notarius

249 5599 331 5691 ·qui
354 5598 516 5668 intertui.
543 5555 610 5686 ego
632 5600 766 5685 petrus.
793 5615 859 5683 ego
883 5593 945 5682 qui
968 5611 1079 5680 supra
1101 5589 1304 5658 teudericus
1328 5609 1385 5657 me
1407 5588 1612 5679 subscripsi.
1639 5589 1795 5656 Decima:
1820 5589 1860 5656 tn
1883 5587 2039 5658 nominex
2058 5589 2117 5656 do-

268 5759 355 5827 mini
381 5747 559 5826 tricesimo
584 5736 713 5844 quarto
737 5771 830 5824 anno
854 5749 1079 5836 principatus
1102 5743 1223 5813 domui
1255 5730 1373 5812 nestri
1397 5741 1623 5830 guaimarii,
1656 5745 1694 5810 et
1716 5742 1837 5830 quinto
1869 5761 1963 5810 anno
1987 5741 2118 5830 princi-
