5454 7104
995 525 1400 602 nlvtolllrltus
1998 532 2061 604 151

259 719 422 808 qualiter
447 719 636 796 voluerint,
661 739 741 788 cum
764 721 926 790 omnibus
950 721 1204 790 muniminibus
1227 726 1263 790 et
1286 723 1511 800 rationibus,
1554 743 1642 812 quas
1665 725 1709 793 de
1734 745 1777 794 ea
1800 727 2036 794 ostenderint.
2067 731 2112 795 Et

258 876 307 951 si,
333 875 428 943 sicut
449 875 612 964 superius
635 879 807 963 scripturn
831 879 910 954 est,
936 877 1004 964 ipsi
1027 875 1130 962 sipha
1153 879 1189 943 et
1211 877 1421 963 griselaita‚
1447 882 1484 946 et
1507 878 1679 947 iohannes
1704 881 1881 967 presbiter
1904 885 1940 949 et
1964 883 2109 950 illorum

259 1033 437 1108 heredes,
463 1031 532 1119 ipsi
555 1032 681 1100 domno
704 1034 826 1101 abbati
850 1035 886 1099 et
908 1032 1168 1099 successoribus
1192 1031 1317 1110 illius,
1343 1035 1379 1100 et
1402 1035 1498 1120 parti
1524 1033 1635 1121 ipsius
1658 1037 1866 1104 monasterii
1889 1041 2036 1106 sanctae
2061 1057 2115 1106 so·

217 1179 220 1186 ’
260 1187 368 1274 phiae
391 1207 461 1255 non
494 1186 795 1272 adimpleberint,
832 1187 868 1252 et
890 1185 1160 1272 suprascripta,
1195 1188 1252 1252 vel
1275 1206 1322 1254 ex
1346 1187 1397 1254 eis
1421 1187 1613 1275 quicquam
1639 1209 1821 1257 removere
1846 1195 1910 1259 ant
1932 1193 2111 1260 contradi-

256 1359 343 1409 cere
367 1340 672 1428 presumpserint,
712 1338 912 1424 peripsam
936 1337 1106 1424 guadiam
1129 1340 1383 1426 obligaverunt
1414 1360 1452 1408 se
1476 1344 1512 1408 et
1533 1361 1616 1411 suos
1639 1344 1788 1412 heredes
1812 1363 2022 1432 componere
2045 1347 2113 1434 ipsi

214 1553 215 1556 ,
257 1497 389 1564 domno
412 1495 534 1563 abbati
557 1497 593 1561 et
615 1493 874 1561 successoribus
898 1491 996 1560 illius
1031 1495 1067 1558 et
1090 1495 1186 1579 parti
1210 1490 1320 1581 ipsius
1347 1496 1554 1564 monasterii
1578 1501 1725 1565 sanctae
1761 1499 1906 1586 sophiae
1930 1503 2110 1569 trecentos

218 1651 220 1654 ’
255 1649 344 1717 auri
368 1647 496 1716 solidos
519 1646 830 1716 constantinianos.
856 1647 900 1716 Et
923 1646 1045 1714 taliter
1069 1647 1104 1712 te
1128 1648 1348 1717 romoaldum
1376 1651 1555 1719 notarium
1580 1652 1737 1721 scrivere
1761 1655 1916 1740 precepi.

304 1801 332 1894 †
357 1805 430 1892 Ego
453 1803 514 1892 qui
537 1821 646 1889 supra
668 1803 840 1871 iohannes
864 1801 971 1870 ludex

300 1957 330 2050 †
355 1960 430 2044 Ego
455 1955 615 2025 ademari
638 1973 696 2022 me
718 1955 922 2042 subscripsi.

306 2107 333 2199 †
357 2111 432 2194 Ego
454 2107 658 2175 ademarius
680 2106 841 2175 notarius
866 2125 920 2173 me
943 2107 1144 2194 subscripsi.

1047 2421 1378 2504 MCXLVIII

1071 2665 1130 2739 A.
1157 2664 1214 2744 D.
1244 2673 1358 2749 1051

297 2993 324 3084 †
348 2997 387 3062 ln
410 2996 551 3063 nomine
575 2997 709 3064 domini
733 2998 911 3067 tricesimo
935 3001 1041 3068 tertio
1065 3019 1159 3068 anno
1182 2998 1405 3087 principatus
1428 3000 1624 3068 Guaimarii
1648 2999 1795 3086 gloriosi
1821 3001 1992 3087 principis
2012 3050 2019 3074 ‚
2056 3003 2093 3068 et

248 3151 458 3219 duodecimo
482 3171 575 3223 anno
598 3153 747 3221 ducatus
771 3154 847 3222 eius
870 3153 1009 3223 amalfis
1033 3157 1070 3222 et
1091 3155 1253 3232 sirrenti‚
1270 3157 1308 3222 et
1332 3174 1423 3223 nono
1448 3174 1541 3224 anno
1558 3155 1781 3243 principatus
1805 3157 1841 3221 et
1863 3129 2018 3243 ipsorum
2038 3156 2102 3224 du-

251 3307 398 3372 catuum
422 3305 541 3373 domni
564 3305 683 3392 gisulfi
708 3306 832 3374 eximii
856 3307 1027 3395 principis
1051 3310 1087 3376 et
1109 3308 1209 3377 ducis
1232 3309 1296 3376 tilii
1320 3312 1410 3385 eius,
1438 3327 1558 3376 mense
1583 3305 1726 3386 martio,
1745 3312 1878 3396 quarta
1894 3309 2102 3378 indictione.

248 3459 322 3542 Ego
347 3457 542 3526 adelferius
575 3459 744 3526 diaconus
780 3459 1058 3546 archipresbiter
1080 3463 1117 3528 et
1140 3463 1250 3529 abbas
1274 3462 1424 3531 ecclesie
1447 3463 1563 3531 sancti
1587 3463 1764 3539 maximi,
1806 3482 1876 3551 que
1900 3467 2104 3532 constructa

243 3614 301 3678 est
327 3607 422 3678 intra
444 3613 537 3680 banc
560 3611 742 3678 civitatem
765 3611 803 3678 in
826 3611 928 3696 plaiu
951 3612 995 3680 de
1018 3615 1149 3690 monte,
1168 3614 1230 3702 qui
1253 3633 1332 3682 sum
1356 3635 1467 3683 unum
1490 3617 1534 3685 de
1558 3616 1692 3686 domini
1719 3616 1832 3703 ipsius
1857 3617 2006 3685 ecclesie
2022 3621 2107 3685 ante

244 3763 394 3832 idoneos
416 3765 576 3834 homines
599 3785 664 3852 per
686 3765 976 3859 convenientiam
1001 3767 1132 3836 tradidi
1158 3771 1280 3838 aloare
1303 3771 1378 3838 filie
1403 3772 1581 3858 quondam
1607 3771 1762 3839 maraldi
1790 3788 1855 3857 pro
1878 3774 1981 3857 parte
1996 3767 2107 3858 ipsius

244 3919 402 3988 ecclesie
424 3923 559 4000 terram
585 3939 666 3988 cum
689 3939 773 3990 casa
796 3919 959 4006 lignicia,
978 3921 1017 3989 in
1040 3941 1112 4012 qua
1135 3923 1315 4011 aliquanti
1340 3925 1472 4013 parieti
1497 3929 1616 4003 habet,
1634 3927 1671 3994 et
1694 3929 1748 3995 est
1775 3945 1797 3992 a
1819 3943 1926 4013 super
1950 3927 2028 4016 ipsa
2050 3909 2107 3998 ec·

243 4074 358 4145 clesia
385 4095 450 4163 per
472 4077 559 4144 fines
582 4079 619 4144 et
643 4095 829 4144 mensuras
852 4077 944 4145 iusto
967 4074 1054 4166 pede
1077 4099 1204 4147 manus
1226 4081 1380 4148 hominis
1404 4085 1650 4149 mensuratum
1674 4101 1720 4150 ex
1736 4081 1834 4150 omni
1856 4084 1959 4169 parte
1975 4081 2044 4150 tine
2060 4083 2105 4151 ad

245 4183 325 4296 alia
349 4232 446 4298 terra
468 4230 579 4318 ipsius
602 4230 763 4299 ecclesie.
789 4232 820 4298 A
845 4234 948 4318 parte
971 4233 1136 4302 meridiei
1159 4233 1265 4321 pedes
1289 4233 1446 4320 triginta
1469 4253 1560 4312 sex3
1601 4239 1647 4304 ab
1669 4235 1855 4303 occidente
1893 4239 1977 4303 sunt
2000 4237 2106 4324 pedes

247 4381 485 4469 vigintiduo:
510 4403 533 4452 a
555 4389 657 4472 parte
680 4385 941 4472 septemtrionis
965 4390 1019 4454 est
1041 4388 1121 4456 finis
1144 4389 1307 4457 anditum
1332 4389 1443 4476 ipsius
1467 4389 1662 4468 ecclesiae,
1689 4393 1774 4457 sunt
1800 4389 1884 4458 inde
1910 4390 2016 4477 pedes
2039 4389 2104 4457 alii

244 4537 406 4624 triginta
428 4557 519 4606 sex:
555 4542 705 4626 aparte
728 4539 877 4608 orientis
899 4542 984 4608 sunt
1005 4541 1112 4628 pedes
1135 4531 1256 4608 decem
1280 4545 1316 4608 et
1338 4555 1431 4609 octo.
1457 4542 1534 4608 Tali
1558 4542 1683 4609 ordine
1719 4538 1809 4609 illud
1832 4543 1866 4610 ei
1892 4562 1956 4628 per
1979 4562 2105 4610 conve-

248 4691 421 4760 nientiam
446 4692 606 4770 tradidi,
632 4697 672 4761 ut
702 4692 826 4761 amodo
848 4697 886 4760 et
909 4695 1019 4782 utque
1042 4691 1169 4781 viginti
1194 4697 1320 4762 nobem
1344 4695 1431 4763 anni
1456 4697 1651 4782 completi,
1686 4651 1762 4764 tota
1786 4697 1864 4785 ipsa
1889 4697 2102 4766 tradictione

247 4847 316 4914 illa
338 4849 375 4913 et
397 4847 473 4913 eius
497 4847 644 4915 heredes
666 4865 728 4914 sue
753 4848 919 4934 potestati
945 4848 1109 4914 tenerent
1131 4847 1168 4914 et
1189 4845 1443 4925 dominarent,
1469 4849 1587 4915 foveas
1611 4851 1648 4915 et
1670 4867 1791 4915 omnes
1816 4867 1900 4915 suas
1925 4848 2102 4917 utilitates

247 5001 347 5068 iusta
372 4999 508 5067 ratione
533 4999 581 5068 ibi
607 5003 777 5074 tacerent3
803 5004 840 5067 et
863 5000 892 5068 si
917 5000 1104 5076 voluerint,
1130 4999 1259 5067 ibidem
1285 4998 1496 5076 residerent,
1522 5002 1558 5066 et
1581 4998 1646 5066 alii
1670 5000 1715 5066 ad
1742 4999 1966 5068 residendum
1991 5003 2027 5066 et
2051 5000 2096 5067 ad

249 5154 462 5223 avitandum
485 5155 594 5222 deant
619 5172 729 5241 usque
755 5152 868 5239 ipsum
884 5155 1127 5230 constitutum,
1153 5115 1311 5240 qualiter
1326 5152 1518 5231 voluerint;
1537 5156 1573 5220 et
1596 5153 1757 5241 quicquit
1780 5173 1844 5239 pro
1867 5154 2096 5222 sedituravel

247 5307 392 5386 datione
416 5309 541 5376 tollere
565 5310 601 5374 et
623 5309 757 5375 habere
782 5307 963 5393 potuerint
988 5325 1097 5393 nsque
1120 5307 1236 5394 ipsum
1261 5308 1503 5384 constitutum,
1529 5307 1594 5374 sivi
1618 5273 1786 5384 habeant,
1813 5311 1850 5373 et
1874 5306 1940 5374 illa
1964 5307 2101 5375 eteius

248 5460 397 5529 heredes
422 5461 468 5529 da
491 5463 702 5547 completum
727 5460 851 5528 amodo
875 5463 911 5526 et
936 5478 1045 5546 usque
1069 5479 1327 5528 unumannum
1350 5460 1397 5527 da
1420 5459 1502 5528 inde
1527 5459 1565 5526 in
1589 5461 1697 5527 antea
1721 5477 1941 5545 peromnem
1965 5479 2100 5528 annum

248 5633 359 5702 usque
384 5615 498 5702 ipsum
523 5615 753 5683 constitutum
777 5613 885 5681 deant
909 5611 1045 5688 michi,
1072 5613 1128 5680 vel
1153 5614 1198 5681 ad
1221 5632 1441 5682 successores
1465 5631 1585 5691 meos,
1620 5632 1682 5680 seu
1707 5613 1751 5681 ad
1777 5617 1915 5700 partem
1939 5613 2097 5698 predicte

242 5767 396 5837 ecclesie
419 5786 562 5836 censum
586 5787 650 5854 pro
674 5767 750 5854 ipsa
775 5766 964 5834 traditione
991 5769 1027 5832 in
1050 5765 1216 5833 calendis
1239 5764 1328 5832 iunii
1354 5767 1496 5832 tarenos
1521 5764 1610 5832 duos
1633 5767 1766 5843 bonos;
1803 5769 1839 5833 et
1874 5783 2101 5852 peromnem
