5398 7106
630 465 700 538 nro
792 425 795 432 ’
883 457 884 461 ‘
1290 466 1462 540 coorx
1494 465 1760 541 cluensis

583 649 755 728 utilitatis
779 661 876 728 iusta
899 659 1076 728 rationem
1101 661 1232 728 ividem
1255 662 1402 738 lacere,
1441 664 1478 728 et
1500 661 1624 730 amodo
1648 664 1684 728 et
1709 680 1819 749 usque
1842 661 1919 748 ipso
1942 659 2177 728 constitutum
2201 661 2436 746 completum,

582 811 745 899 quicquit
768 812 934 880 reditura
957 815 994 878 et
1016 812 1190 881 ditionem
1215 811 1308 882 inter
1331 814 1406 883 illis
1431 814 1558 882 tollere
1582 815 1617 880 et
1640 817 1748 881 abere
1772 814 1982 900 potuerint,
2019 811 2165 880 illorum
2189 813 2237 880 sit
2260 813 2440 898 potestate

582 965 787 1034 laciendum
811 986 880 1054 que
905 967 1099 1035 boluerint.
1125 971 1264 1036 tantum
1288 987 1352 1056 per
1375 989 1480 1036 omne
1504 988 1640 1036 annum
1664 969 1708 1036 de
1732 987 1852 1036 meuse
1876 967 1952 1054 ipso
1970 967 2110 1054 magius
2133 968 2209 1035 illis
2231 969 2269 1034 et
2293 965 2440 1034 illorum

579 1117 772 1189 heredibus
796 1121 906 1188 deant
930 1121 1065 1199 michi,
1091 1141 1154 1189 seu
1180 1121 1225 1190 ad
1250 1140 1335 1210 pars
1360 1122 1522 1208 predicte
1546 1123 1722 1197 ecclesie,
1752 1141 1898 1190 censum
1922 1122 2070 1190 foll'aros
2096 1125 2203 1189 bonos
2228 1119 2360 1206 biginti
2391 1123 2406 1188 s
2428 1159 2441 1170 -

446 1345 448 1350 ,
583 1273 760 1351 ciendum,
787 1276 880 1362 quod
905 1277 1151 1360 boluerimus3
1177 1277 1282 1344 etad
1307 1275 1382 1364 ipso
1406 1279 1639 1346 constitutum
1663 1279 1880 1364 completum
1904 1277 2034 1345 inolita
2056 1276 2304 1363 suprascripta
2328 1275 2442 1342 tradi-

583 1430 700 1497 ctione
724 1450 805 1497 cum
830 1430 1024 1498 medietate
1048 1432 1092 1498 de
1115 1430 1195 1517 ipsa
1218 1432 1447 1517 lingnamina
1472 1429 1663 1500 remittant
1687 1431 1759 1499 illis
1794 1432 1840 1499 ad
1865 1434 1988 1500 nostra
2021 1432 2197 1518 potestate
2230 1427 2447 1496 laciendum

584 1585 676 1672 quod
703 1585 934 1664 boluerimus;
953 1587 988 1651 et
1011 1585 1084 1651 illis
1107 1585 1223 1652 licead
1249 1585 1332 1653 inde
1355 1585 1457 1653 exire
1480 1606 1562 1653 cum
1586 1586 1700 1654 omnis
1723 1586 1870 1653 illorum
1893 1601 2003 1652 causa
2027 1584 2175 1651 mobilia
2197 1585 2234 1650 et
2256 1601 2339 1650 cum
2363 1581 2440 1650 alia

584 1739 776 1806 medietate
800 1739 843 1806 de
868 1739 947 1826 ipsa
971 1739 1226 1825 lingnamina,
1266 1742 1303 1806 el
1326 1739 1380 1805 ire
1403 1759 1484 1806 cum
1508 1740 1614 1807 illum
1639 1739 1699 1807 ubi
1725 1739 1919 1807 boluerint.
1957 1741 2098 1804 tantum
2122 1737 2154 1804 si
2178 1755 2243 1822 ego
2266 1754 2330 1802 seu
2354 1753 2442 1822 pars

583 1895 743 1982 predicte
766 1893 916 1962 ecclesie
939 1893 1018 1980 ipsa
1040 1893 1197 1960 sortione
1220 1893 1365 1960 illorum
1389 1894 1432 1961 de
1458 1891 1538 1979 ipsa
1560 1894 1788 1980 liugnamina
1812 1893 1938 1960 tollere
1954 1891 2173 1960 boluerimus
2197 1891 2240 1958 ad
2263 1890 2357 1958 iusto
2382 1885 2441 1956 ba·

582 2049 692 2116 liente
716 2050 884 2136 pretium,
910 2048 984 2115 illis
1007 2051 1044 2114 et
1067 2046 1211 2114 illorum
1235 2047 1427 2115 heredibus
1450 2049 1554 2115 illum
1579 2049 1680 2116 nobis
1698 2048 1861 2116 bindant.
1885 2048 1975 2116 etsi
1999 2065 2065 2134 ego
2088 2065 2151 2113 seu
2169 2065 2251 2132 pars
2276 2045 2441 2133 predicte

580 2191 733 2272 'ecclesie
757 2205 841 2272 illut
864 2205 991 2271 tollere
1016 2205 1236 2272 noluerimus
1259 2205 1351 2272 iusto
1376 2204 1535 2272 baliente
1559 2204 1727 2290 pretium,
1755 2208 1841 2270 tunc
1866 2201 1984 2270 licead
2010 2197 2082 2266 illis
2110 2203 2147 2266 et
2170 2200 2315 2266 illorum
2338 2201 2441 2266 here-

584 2356 687 2424 dibus
710 2357 794 2424 inde
818 2357 938 2424 iacere
960 2357 1082 2424 omnia
1105 2357 1197 2444 quod
1224 2357 1415 2425 voluerint.
1440 2361 1477 2424 et
1500 2357 1671 2443 guadiam
1695 2355 1784 2423 mihi
1808 2355 1985 2424 dederunt
2006 2355 2043 2421 el
2067 2352 2300 2420 mediatorem
2324 2351 2434 2454 miclri

583 2513 778 2597 posuerunt
800 2511 937 2600 seipsis
963 2514 999 2578 et
1021 2531 1086 2599 per
1110 2512 1189 2599 ipsa
1212 2515 1348 2600 guadia
1371 2515 1626 2600 obligaverunt
1648 2533 1686 2581 se
1710 2517 1747 2580 et
1769 2513 1917 2580 illorum
1940 2510 2118 2580 eredibus,
2139 2487 2230 2596 quod
2254 2509 2285 2576 si
2311 2507 2435 2576 taliter

584 2667 706 2734 omnia
723 2667 979 2759 ¹suprascripta
1003 2686 1068 2754 per
1091 2669 1298 2754 supradicto
1322 2669 1472 2738 hordine
1498 2669 1599 2737 nobis
1624 2689 1694 2737 nou
1718 2666 1993 2754 adimpleverit,
2033 2667 2070 2732 et
2093 2665 2224 2752 aliquit
2255 2663 2337 2730 inde
2361 2681 2444 2729 con·

583 2821 793 2896 tradixerit‚
808 2820 883 2908 'per
906 2822 1166 2890 combenientia
1189 2839 1254 2908 per
1278 2821 1356 2908 ipsa
1379 2822 1515 2909 guadio
1539 2840 1750 2907 componere
1773 2821 2030 2908 obligaverunt
2052 2838 2090 2886 se
2114 2822 2150 2886 et
2170 2819 2317 2886 illorum
2341 2819 2443 2884 here·

584 2976 688 3044 dibus
715 2976 825 3043 michi
849 2994 911 3042 seu
938 2978 975 3042 in
998 2994 1084 3063 pars
1100 2976 1260 3061 predicte
1284 2978 1433 3044 ecclesie
1460 2957 1588 3063 triginti
1612 2976 1695 3045 auri
1710 2975 1840 3045 solidos
1855 2970 2175 3042 constantinianus.
2201 2970 2294 3058 quod
2310 2968 2440 3055 scripsi

585 3149 650 3218 ego
674 3136 798 3220 petrus
823 3131 998 3200 notarius.

556 3317 559 3323 ¹
629 3285 656 3377 †
680 3291 754 3374 Ego
779 3289 902 3373 petrus
926 3287 1089 3355 notarius
1112 3305 1168 3354 me
1191 3286 1399 3373 subscripsi.

630 3437 658 3530 ’s
684 3443 758 3527 Ego
783 3441 949 3510 alderissi
974 3441 1136 3510 notarius
1159 3461 1215 3509 me
1238 3441 1445 3526 subscripsi.

1300 3853 1303 3860 ’
1367 3858 1646 3940 MCGXVI

1362 4111 1425 4186 A.
1453 4110 1513 4186 n.
1543 4107 1667 4186 1055

632 4337 659 4429 †
684 4340 722 4405 ln
746 4341 890 4406 nomine
915 4339 1049 4407 domiui
1074 4341 1339 4428 quartodecimo
1362 4362 1455 4410 anuo
1480 4341 1703 4429 principatus
1738 4343 1859 4410 domni
1884 4298 1997 4412 nostri
2023 4343 2145 4430 gisulfi
2169 4343 2320 4430 gloriosi
2346 4345 2452 4430 prin-

588 4492 693 4579 cipis‚
719 4513 839 4560 nrense
863 4495 1017 4580 magius,
1035 4500 1163 4566 octaba
1186 4498 1393 4566 indictione.
1418 4497 1706 4565 Memoratoriurn
1733 4499 1867 4564 lactum
1891 4517 1913 4565 a
1936 4463 2037 4566 nobis
2060 4499 2185 4584 petrus
2207 4501 2245 4566 et
2268 4499 2359 4567 falco
2382 4502 2451 4588 qui

588 4667 714 4716 sumus
736 4644 901 4734 'germani
927 4651 992 4717 filii
1018 4633 1195 4740 quondam
1220 4651 1368 4719 iohanni
1393 4651 1579 4727 ballense3
1620 4653 1705 4717 ante
1728 4650 1938 4736 subscriptis
1963 4652 2070 4718 testes
2104 4651 2287 4719 coniuncti
2322 4673 2452 4722 eunius

590 4823 670 4872 cum
697 4805 827 4873 mulier
850 4808 992 4875 nomine
1006 4808 1104 4884 biba,
1118 4807 1192 4874 filia
1217 4807 1335 4883 basili,
1354 4807 1483 4874 relicta
1498 4805 1623 4884 leonis
1642 4805 1706 4873 lilii
1723 4806 1901 4892 quondam
1927 4806 2100 4884 basilici
2123 4807 2317 4876 ostedimus
2341 4813 2455 4894 quat-

594 4963 677 5027 tuor
700 4961 862 5047 scripta:
890 4982 962 5030 una
986 4983 1031 5030 ex
1056 4963 1118 5029 ille
1142 4963 1374 5030 continebat:
1409 4965 1477 5028 Nos
1501 4964 1623 5048 petrus
1647 4961 1683 5027 et
1707 4961 1799 5028 falco
1823 4961 1988 5047 germani
2011 4961 2063 5028 fili
2086 4962 2265 5048 quondam
2289 4963 2453 5032 iohanni

595 5114 750 5182 ballensi
775 5115 959 5182 divisimus
984 5136 1056 5182 una
1078 5117 1181 5202 pecie
1204 5116 1247 5182 de
1271 5119 1371 5183 terra
1394 5136 1475 5183 cum
1500 5115 1605 5184 binea
1628 5119 1665 5183 et
1688 5119 1838 5184 bacuum
1862 5115 1905 5182 de
1930 5115 2045 5182 locum
2073 5116 2218 5192 uliaria,
2244 5117 2338 5203 quod
2353 5135 2460 5186 com·

590 5287 695 5336 mune
717 5239 864 5336 abemus
888 5289 967 5359 cum
994 5271 1085 5346 biba,
1112 5271 1187 5337 tilia
1212 5270 1327 5347 basili,
1355 5271 1483 5338 relicta
1506 5272 1618 5338 leonis
1640 5271 1706 5338 filii
1731 5269 1859 5346 basili,
1886 5269 1979 5358 quod
2003 5272 2049 5337 ab
2073 5270 2151 5356 ipsa
2176 5271 2258 5338 biba
2282 5270 2322 5338 in
2345 5271 2458 5339 socia

591 5425 853 5510 compreensit,
879 5426 924 5492 ad
947 5423 1173 5500 dividendum
1201 5447 1282 5494 cum
1305 5445 1390 5494 casa
1413 5427 1547 5494 fabrita
1569 5445 1638 5514 que
1662 5425 1699 5492 iu
1724 5425 1837 5512 ipsam
1863 5427 1997 5492 terram
2022 5428 2169 5492 abemus
2188 5435 2210 5502 ,'
2233 5429 2270 5492 et
2294 5425 2458 5510 lecim-us

592 5577 722 5645 exinde
746 5578 814 5645 due
837 5579 954 5656 sortis,
971 5599 1078 5649 unam
1102 5584 1233 5648 sortem
1257 5580 1405 5648 lecimus
1428 5599 1503 5647 esse
1528 5581 1564 5647 iu
1590 5581 1690 5668 parte
1714 5577 1875 5656 orientis,
1901 5578 2011 5646 aliam
2036 5557 2074 5646 in
2100 5587 2200 5667 parte
2224 5581 2448 5650 occidentis

594 5734 671 5820 Ipsa
694 5752 770 5800 sors
794 5732 841 5800 da
866 5739 968 5820 parte
991 5735 1186 5804 occidentis
1210 5755 1275 5821 per
1299 5737 1385 5803 flues
1409 5738 1446 5802 et
1469 5752 1667 5818 mensuras:
1695 5735 1724 5799 Α
1748 5733 1895 5802 meridie
1918 5734 1988 5801 dne
2013 5735 2130 5802 media
2153 5753 2262 5822 sepe,
2287 5740 2325 5804 et
2347 5740 2461 5824 passi
