<?xml version="1.0" encoding="UTF-8"?>
<!DOCTYPE html PUBLIC "-//W3C//DTD XHTML 1.0 Transitional//EN"
    "http://www.w3.org/TR/xhtml1/DTD/xhtml1-transitional.dtd">
<html xmlns="http://www.w3.org/1999/xhtml" xml:lang="en" lang="en">
 <head>
  <title>
</title>
<meta http-equiv="Content-Type" content="text/html;charset=utf-8" />
  <meta name='ocr-system' content='tesseract 3.04.00' />
  <meta name='ocr-capabilities' content='ocr_page ocr_carea ocr_par ocr_line ocrx_word'/>
</head>
<body>
  <div class='ocr_page' id='page_1' title='image "./codexdiplomatic01aragoog_0103.png"; bbox 0 0 5452 7108; ppageno 0'>
   <div class='ocr_carea' id='block_1_1' title="bbox 1055 559 2135 637">
    <p class='ocr_par' dir='ltr' id='par_1_1' title="bbox 1055 559 2135 637">
     <span class='ocr_line' id='line_1_1' title="bbox 1055 559 2135 637; baseline -0.002 -4"><span class='ocrx_word' id='word_1_1' title='bbox 1055 561 1455 637; x_wconf 75' lang='lat' dir='ltr'>ttrrtuettutcbs</span> <span class='ocrx_word' id='word_1_2' title='bbox 2093 559 2135 632; x_wconf 74' lang='grc'>67</span> 
     </span>
    </p>
   </div>
   <div class='ocr_carea' id='block_1_2' title="bbox 295 763 2259 5491">
    <p class='ocr_par' dir='ltr' id='par_1_2' title="bbox 295 763 2259 5491">
     <span class='ocr_line' id='line_1_2' title="bbox 332 763 2172 852; baseline -0.001 -20"><span class='ocrx_word' id='word_1_3' title='bbox 332 768 506 852; x_wconf 84' lang='lat' dir='ltr'>amboque</span> <span class='ocrx_word' id='word_1_4' title='bbox 529 764 711 850; x_wconf 82' lang='lat' dir='ltr'>coniugati</span> <span class='ocrx_word' id='word_1_5' title='bbox 735 765 790 831; x_wconf 91' lang='lat' dir='ltr'>vir</span> <span class='ocrx_word' id='word_1_6' title='bbox 813 771 850 830; x_wconf 89' lang='lat' dir='ltr'>et</span> <span class='ocrx_word' id='word_1_7' title='bbox 874 783 963 831; x_wconf 87' lang='lat' dir='ltr'>uxor</span> <span class='ocrx_word' id='word_1_8' title='bbox 990 767 1027 830; x_wconf 91' lang='lat' dir='ltr'>et</span> <span class='ocrx_word' id='word_1_9' title='bbox 1051 763 1115 833; x_wconf 88' lang='lat' dir='ltr'>tilii</span> <span class='ocrx_word' id='word_1_10' title='bbox 1139 766 1316 852; x_wconf 88' lang='lat' dir='ltr'>quondam</span> <span class='ocrx_word' id='word_1_11' title='bbox 1339 765 1433 832; x_wconf 86' lang='lat' dir='ltr'>leoni</span> <span class='ocrx_word' id='word_1_12' title='bbox 1439 816 1520 831; x_wconf 92' lang='grc'><strong>......</strong></span> <span class='ocrx_word' id='word_1_13' title='bbox 1538 763 1581 830; x_wconf 91' lang='lat' dir='ltr'>de</span> <span class='ocrx_word' id='word_1_14' title='bbox 1605 765 1720 830; x_wconf 92' lang='lat' dir='ltr'>locum</span> <span class='ocrx_word' id='word_1_15' title='bbox 1746 763 1891 831; x_wconf 84' lang='lat' dir='ltr'>nucerie</span> <span class='ocrx_word' id='word_1_16' title='bbox 1916 763 2042 831; x_wconf 88' lang='lat' dir='ltr'>inclita</span> <span class='ocrx_word' id='word_1_17' title='bbox 2067 767 2172 832; x_wconf 87' lang='lat' dir='ltr'>rebus</span> 
     </span>
     <span class='ocr_line' id='line_1_3' title="bbox 333 917 2176 1007; baseline -0.001 -21"><span class='ocrx_word' id='word_1_18' title='bbox 333 939 424 994; x_wconf 91' lang='lat' dir='ltr'>mea,</span> <span class='ocrx_word' id='word_1_19' title='bbox 450 917 542 1006; x_wconf 91' lang='lat' dir='ltr'>quod</span> <span class='ocrx_word' id='word_1_20' title='bbox 566 938 629 1007; x_wconf 80' lang='lat' dir='ltr'>ego</span> <span class='ocrx_word' id='word_1_21' title='bbox 653 920 739 986; x_wconf 88' lang='lat' dir='ltr'>abeo</span> <span class='ocrx_word' id='word_1_22' title='bbox 770 919 946 987; x_wconf 91' lang='lat' dir='ltr'>inlocum</span> <span class='ocrx_word' id='word_1_23' title='bbox 971 919 1121 986; x_wconf 89' lang='lat' dir='ltr'>malluni</span> <span class='ocrx_word' id='word_1_24' title='bbox 1145 922 1181 984; x_wconf 93' lang='lat' dir='ltr'>et</span> <span class='ocrx_word' id='word_1_25' title='bbox 1204 937 1268 1005; x_wconf 91' lang='lat' dir='ltr'>per</span> <span class='ocrx_word' id='word_1_26' title='bbox 1290 918 1418 984; x_wconf 89' lang='lat' dir='ltr'>finibus</span> <span class='ocrx_word' id='word_1_27' title='bbox 1451 921 1487 983; x_wconf 91' lang='lat' dir='ltr'>et</span> <span class='ocrx_word' id='word_1_28' title='bbox 1510 917 1736 1003; x_wconf 87' lang='lat' dir='ltr'>pertinentiis</span> <span class='ocrx_word' id='word_1_29' title='bbox 1762 917 1840 984; x_wconf 89' lang='lat' dir='ltr'>uius</span> <span class='ocrx_word' id='word_1_30' title='bbox 1865 918 2031 995; x_wconf 87' lang='lat' dir='ltr'>nucerie,</span> <span class='ocrx_word' id='word_1_31' title='bbox 2058 922 2176 985; x_wconf 89' lang='lat' dir='ltr'>monte</span> 
     </span>
     <span class='ocr_line' id='line_1_4' title="bbox 331 1070 2187 1183; baseline 0.002 -46"><span class='ocrx_word' id='word_1_32' title='bbox 331 1083 368 1138; x_wconf 88' lang='lat' dir='ltr'>et</span> <span class='ocrx_word' id='word_1_33' title='bbox 392 1075 512 1159; x_wconf 90' lang='lat' dir='ltr'>plano,</span> <span class='ocrx_word' id='word_1_34' title='bbox 530 1073 664 1140; x_wconf 92' lang='lat' dir='ltr'>cultum</span> <span class='ocrx_word' id='word_1_35' title='bbox 691 1075 747 1139; x_wconf 87' lang='lat' dir='ltr'>vel</span> <span class='ocrx_word' id='word_1_36' title='bbox 770 1074 957 1150; x_wconf 83' lang='lat' dir='ltr'>incultum,</span> <span class='ocrx_word' id='word_1_37' title='bbox 975 1093 1055 1142; x_wconf 88' lang='lat' dir='ltr'>cum</span> <span class='ocrx_word' id='word_1_38' title='bbox 1078 1073 1159 1140; x_wconf 85' lang='lat' dir='ltr'>finis</span> <span class='ocrx_word' id='word_1_39' title='bbox 1174 1077 1211 1141; x_wconf 88' lang='lat' dir='ltr'>et</span> <span class='ocrx_word' id='word_1_40' title='bbox 1226 1073 1293 1140; x_wconf 89' lang='lat' dir='ltr'>viis</span> <span class='ocrx_word' id='word_1_41' title='bbox 1315 1073 1400 1183; x_wconf 88' lang='lat' dir='ltr'>suis,</span> <span class='ocrx_word' id='word_1_42' title='bbox 1416 1074 1459 1140; x_wconf 90' lang='lat' dir='ltr'>de</span> <span class='ocrx_word' id='word_1_43' title='bbox 1483 1070 1610 1139; x_wconf 90' lang='lat' dir='ltr'>movile</span> <span class='ocrx_word' id='word_1_44' title='bbox 1635 1079 1671 1136; x_wconf 91' lang='lat' dir='ltr'>et</span> <span class='ocrx_word' id='word_1_45' title='bbox 1685 1073 1827 1148; x_wconf 88' lang='lat' dir='ltr'>staviie,</span> <span class='ocrx_word' id='word_1_46' title='bbox 1846 1091 1950 1159; x_wconf 94' lang='lat' dir='ltr'>quem</span> <span class='ocrx_word' id='word_1_47' title='bbox 1967 1073 2068 1140; x_wconf 93' lang='lat' dir='ltr'>modo</span> <span class='ocrx_word' id='word_1_48' title='bbox 2086 1077 2187 1151; x_wconf 89' lang='lat' dir='ltr'>abe0;</span> 
     </span>
     <span class='ocr_line' id='line_1_5' title="bbox 336 1225 2186 1314; baseline 0.003 -23"><span class='ocrx_word' id='word_1_49' title='bbox 336 1225 503 1294; x_wconf 88' lang='lat' dir='ltr'>inclitum</span> <span class='ocrx_word' id='word_1_50' title='bbox 527 1226 611 1293; x_wconf 91' lang='lat' dir='ltr'>illut</span> <span class='ocrx_word' id='word_1_51' title='bbox 633 1225 731 1294; x_wconf 88' lang='lat' dir='ltr'>vobis</span> <span class='ocrx_word' id='word_1_52' title='bbox 754 1226 912 1314; x_wconf 78' lang='lat' dir='ltr'>predicte</span> <span class='ocrx_word' id='word_1_53' title='bbox 936 1227 987 1295; x_wconf 88' lang='lat' dir='ltr'>ise</span> <span class='ocrx_word' id='word_1_54' title='bbox 1008 1227 1081 1294; x_wconf 83' lang='lat' dir='ltr'>fflie</span> <span class='ocrx_word' id='word_1_55' title='bbox 1106 1246 1194 1302; x_wconf 90' lang='lat' dir='ltr'>mee,</span> <span class='ocrx_word' id='word_1_56' title='bbox 1211 1229 1247 1293; x_wconf 89' lang='lat' dir='ltr'>et</span> <span class='ocrx_word' id='word_1_57' title='bbox 1271 1226 1337 1294; x_wconf 88' lang='lat' dir='ltr'>tibi</span> <span class='ocrx_word' id='word_1_58' title='bbox 1361 1227 1522 1294; x_wconf 86' lang='lat' dir='ltr'>iockardi</span> <span class='ocrx_word' id='word_1_59' title='bbox 1538 1246 1669 1314; x_wconf 82' lang='lat' dir='ltr'>genero</span> <span class='ocrx_word' id='word_1_60' title='bbox 1686 1247 1784 1294; x_wconf 86' lang='lat' dir='ltr'>meus</span> <span class='ocrx_word' id='word_1_61' title='bbox 1800 1227 1946 1294; x_wconf 79' lang='lat' dir='ltr'>donabit</span> <span class='ocrx_word' id='word_1_62' title='bbox 1969 1231 2005 1294; x_wconf 91' lang='lat' dir='ltr'>et</span> <span class='ocrx_word' id='word_1_63' title='bbox 2022 1229 2186 1307; x_wconf 79' lang='lat' dir='ltr'>tradidit,</span> 
     </span>
     <span class='ocr_line' id='line_1_6' title="bbox 331 1379 2179 1467; baseline 0.002 -22"><span class='ocrx_word' id='word_1_64' title='bbox 331 1379 398 1446; x_wconf 91' lang='lat' dir='ltr'>tali</span> <span class='ocrx_word' id='word_1_65' title='bbox 422 1381 590 1457; x_wconf 91' lang='lat' dir='ltr'>ratione,</span> <span class='ocrx_word' id='word_1_66' title='bbox 617 1383 656 1448; x_wconf 92' lang='lat' dir='ltr'>ut</span> <span class='ocrx_word' id='word_1_67' title='bbox 679 1382 803 1449; x_wconf 87' lang='lat' dir='ltr'>amodo</span> <span class='ocrx_word' id='word_1_68' title='bbox 826 1385 863 1447; x_wconf 90' lang='lat' dir='ltr'>et</span> <span class='ocrx_word' id='word_1_69' title='bbox 884 1381 1047 1448; x_wconf 87' lang='lat' dir='ltr'>omnibus</span> <span class='ocrx_word' id='word_1_70' title='bbox 1074 1379 1197 1448; x_wconf 89' lang='lat' dir='ltr'>diebus</span> <span class='ocrx_word' id='word_1_71' title='bbox 1221 1381 1293 1447; x_wconf 90' lang='lat' dir='ltr'>vite</span> <span class='ocrx_word' id='word_1_72' title='bbox 1318 1399 1393 1446; x_wconf 92' lang='lat' dir='ltr'>mee</span> <span class='ocrx_word' id='word_1_73' title='bbox 1419 1381 1515 1448; x_wconf 88' lang='lat' dir='ltr'>vobis</span> <span class='ocrx_word' id='word_1_74' title='bbox 1540 1381 1691 1467; x_wconf 82' lang='lat' dir='ltr'>predicti</span> <span class='ocrx_word' id='word_1_75' title='bbox 1719 1381 1774 1446; x_wconf 89' lang='lat' dir='ltr'>vir</span> <span class='ocrx_word' id='word_1_76' title='bbox 1808 1387 1845 1448; x_wconf 92' lang='lat' dir='ltr'>et</span> <span class='ocrx_word' id='word_1_77' title='bbox 1869 1401 1959 1449; x_wconf 92' lang='lat' dir='ltr'>uxor</span> <span class='ocrx_word' id='word_1_78' title='bbox 1984 1383 2118 1449; x_wconf 88' lang='lat' dir='ltr'>tollatis</span> <span class='ocrx_word' id='word_1_79' title='bbox 2143 1385 2179 1449; x_wconf 91' lang='lat' dir='ltr'>et</span> 
     </span>
     <span class='ocr_line' id='line_1_7' title="bbox 335 1534 2181 1624; baseline 0.002 -24"><span class='ocrx_word' id='word_1_80' title='bbox 335 1536 472 1601; x_wconf 84' lang='lat' dir='ltr'>abeatis</span> <span class='ocrx_word' id='word_1_81' title='bbox 496 1534 625 1602; x_wconf 88' lang='lat' dir='ltr'>exinde</span> <span class='ocrx_word' id='word_1_82' title='bbox 652 1535 890 1614; x_wconf 90' lang='lat' dir='ltr'>medietatem,</span> <span class='ocrx_word' id='word_1_83' title='bbox 908 1541 945 1602; x_wconf 91' lang='lat' dir='ltr'>et</span> <span class='ocrx_word' id='word_1_84' title='bbox 967 1556 1032 1622; x_wconf 85' lang='lat' dir='ltr'>ego</span> <span class='ocrx_word' id='word_1_85' title='bbox 1056 1535 1117 1622; x_wconf 92' lang='lat' dir='ltr'>qui</span> <span class='ocrx_word' id='word_1_86' title='bbox 1141 1554 1251 1623; x_wconf 91' lang='lat' dir='ltr'>supra</span> <span class='ocrx_word' id='word_1_87' title='bbox 1274 1538 1423 1605; x_wconf 87' lang='lat' dir='ltr'>concilio</span> <span class='ocrx_word' id='word_1_88' title='bbox 1439 1539 1614 1624; x_wconf 87' lang='lat' dir='ltr'>presbiter</span> <span class='ocrx_word' id='word_1_89' title='bbox 1630 1537 1798 1604; x_wconf 89' lang='lat' dir='ltr'>tollamus</span> <span class='ocrx_word' id='word_1_90' title='bbox 1815 1538 1851 1602; x_wconf 90' lang='lat' dir='ltr'>et</span> <span class='ocrx_word' id='word_1_91' title='bbox 1866 1539 2033 1604; x_wconf 89' lang='lat' dir='ltr'>abeamus</span> <span class='ocrx_word' id='word_1_92' title='bbox 2049 1538 2181 1606; x_wconf 85' lang='lat' dir='ltr'>exinde</span> 
     </span>
     <span class='ocr_line' id='line_1_8' title="bbox 336 1655 2183 1779; baseline 0.002 -22"><span class='ocrx_word' id='word_1_93' title='bbox 336 1689 461 1778; x_wconf 86' lang='lat' dir='ltr'>aliqua</span> <span class='ocrx_word' id='word_1_94' title='bbox 485 1689 627 1776; x_wconf 90' lang='lat' dir='ltr'>reliqua</span> <span class='ocrx_word' id='word_1_95' title='bbox 651 1690 853 1766; x_wconf 85' lang='lat' dir='ltr'>medietate,</span> <span class='ocrx_word' id='word_1_96' title='bbox 880 1710 943 1778; x_wconf 92' lang='lat' dir='ltr'>per</span> <span class='ocrx_word' id='word_1_97' title='bbox 967 1693 1087 1776; x_wconf 88' lang='lat' dir='ltr'>partes</span> <span class='ocrx_word' id='word_1_98' title='bbox 1111 1689 1312 1758; x_wconf 79' lang='lat' dir='ltr'>faciendum</span> <span class='ocrx_word' id='word_1_99' title='bbox 1336 1692 1378 1758; x_wconf 93' lang='lat' dir='ltr'>de</span> <span class='ocrx_word' id='word_1_100' title='bbox 1402 1692 1480 1779; x_wconf 89' lang='lat' dir='ltr'>ipsa</span> <span class='ocrx_word' id='word_1_101' title='bbox 1496 1691 1615 1759; x_wconf 83' lang='lat' dir='ltr'>trudia</span> <span class='ocrx_word' id='word_1_102' title='bbox 1637 1691 1758 1759; x_wconf 88' lang='lat' dir='ltr'>omnia</span> <span class='ocrx_word' id='word_1_103' title='bbox 1782 1691 1873 1777; x_wconf 90' lang='lat' dir='ltr'>quod</span> <span class='ocrx_word' id='word_1_104' title='bbox 1898 1655 2127 1772; x_wconf 62' lang='lat' dir='ltr'>voluerimus</span> <span class='ocrx_word' id='word_1_105' title='bbox 2146 1698 2183 1761; x_wconf 89' lang='lat' dir='ltr'>et</span> 
     </span>
     <span class='ocr_line' id='line_1_9' title="bbox 333 1843 2192 1940; baseline 0.002 -28"><span class='ocrx_word' id='word_1_106' title='bbox 333 1845 409 1931; x_wconf 92' lang='lat' dir='ltr'>ipse</span> <span class='ocrx_word' id='word_1_107' title='bbox 422 1844 614 1932; x_wconf 77' lang='lat' dir='ltr'>ioclxardus</span> <span class='ocrx_word' id='word_1_108' title='bbox 627 1844 850 1930; x_wconf 84' lang='lat' dir='ltr'>obligavitse</span> <span class='ocrx_word' id='word_1_109' title='bbox 863 1843 972 1911; x_wconf 91' lang='lat' dir='ltr'>michi</span> <span class='ocrx_word' id='word_1_110' title='bbox 985 1863 1149 1911; x_wconf 90' lang='lat' dir='ltr'>unacum</span> <span class='ocrx_word' id='word_1_111' title='bbox 1172 1843 1251 1932; x_wconf 90' lang='lat' dir='ltr'>ipsa</span> <span class='ocrx_word' id='word_1_112' title='bbox 1263 1864 1374 1912; x_wconf 90' lang='lat' dir='ltr'>uxore</span> <span class='ocrx_word' id='word_1_113' title='bbox 1398 1848 1652 1924; x_wconf 83' lang='lat' dir='ltr'>sualarorare,</span> <span class='ocrx_word' id='word_1_114' title='bbox 1671 1851 1707 1913; x_wconf 89' lang='lat' dir='ltr'>et</span> <span class='ocrx_word' id='word_1_115' title='bbox 1730 1848 1772 1917; x_wconf 93' lang='lat' dir='ltr'>de</span> <span class='ocrx_word' id='word_1_116' title='bbox 1796 1853 1911 1940; x_wconf 83' lang='lat' dir='ltr'>ipsum</span> <span class='ocrx_word' id='word_1_117' title='bbox 1928 1853 2079 1928; x_wconf 76' lang='lat' dir='ltr'>levones,</span> <span class='ocrx_word' id='word_1_118' title='bbox 2099 1848 2192 1937; x_wconf 92' lang='lat' dir='ltr'>quod</span> 
     </span>
     <span class='ocr_line' id='line_1_10' title="bbox 334 1997 2243 2108; baseline -0.002 -40"><span class='ocrx_word' id='word_1_119' title='bbox 334 1999 418 2068; x_wconf 89' lang='lat' dir='ltr'>illut</span> <span class='ocrx_word' id='word_1_120' title='bbox 441 2001 580 2076; x_wconf 82' lang='lat' dir='ltr'>fecerit,</span> <span class='ocrx_word' id='word_1_121' title='bbox 599 2001 650 2067; x_wconf 90' lang='lat' dir='ltr'>sic</span> <span class='ocrx_word' id='word_1_122' title='bbox 675 2001 757 2067; x_wconf 89' lang='lat' dir='ltr'>illut</span> <span class='ocrx_word' id='word_1_123' title='bbox 772 1998 982 2075; x_wconf 90' lang='lat' dir='ltr'>dividamus,</span> <span class='ocrx_word' id='word_1_124' title='bbox 1007 1998 1100 2066; x_wconf 90' lang='lat' dir='ltr'>sicut</span> <span class='ocrx_word' id='word_1_125' title='bbox 1114 1997 1278 2084; x_wconf 90' lang='lat' dir='ltr'>superius</span> <span class='ocrx_word' id='word_1_126' title='bbox 1293 1998 1462 2074; x_wconf 84' lang='lat' dir='ltr'>diximus,</span> <span class='ocrx_word' id='word_1_127' title='bbox 1481 2019 1543 2086; x_wconf 89' lang='lat' dir='ltr'>per</span> <span class='ocrx_word' id='word_1_128' title='bbox 1559 2001 1797 2066; x_wconf 87' lang='lat' dir='ltr'>medietatem:</span> <span class='ocrx_word' id='word_1_129' title='bbox 1812 2000 1884 2066; x_wconf 89' lang='lat' dir='ltr'>illis</span> <span class='ocrx_word' id='word_1_130' title='bbox 1897 2000 2137 2108; x_wconf 84' lang='lat' dir='ltr'>medietatem,</span> <span class='ocrx_word' id='word_1_131' title='bbox 2156 2002 2193 2066; x_wconf 92' lang='lat' dir='ltr'>et</span> <span class='ocrx_word' id='word_1_132' title='bbox 2238 2097 2243 2108; x_wconf 14' lang='grc' dir='ltr'>ὁ</span> 
     </span>
     <span class='ocr_line' id='line_1_11' title="bbox 334 2151 2192 2239; baseline 0.001 -16"><span class='ocrx_word' id='word_1_133' title='bbox 334 2177 396 2224; x_wconf 89' lang='lat' dir='ltr'>nos</span> <span class='ocrx_word' id='word_1_134' title='bbox 412 2157 523 2224; x_wconf 91' lang='lat' dir='ltr'>aliam</span> <span class='ocrx_word' id='word_1_135' title='bbox 541 2156 781 2231; x_wconf 87' lang='lat' dir='ltr'>medietatem,</span> <span class='ocrx_word' id='word_1_136' title='bbox 795 2157 831 2220; x_wconf 90' lang='lat' dir='ltr'>et</span> <span class='ocrx_word' id='word_1_137' title='bbox 843 2154 888 2221; x_wconf 87' lang='lat' dir='ltr'>ad</span> <span class='ocrx_word' id='word_1_138' title='bbox 900 2151 958 2221; x_wconf 89' lang='lat' dir='ltr'>die</span> <span class='ocrx_word' id='word_1_139' title='bbox 974 2152 1078 2220; x_wconf 88' lang='lat' dir='ltr'>obitis</span> <span class='ocrx_word' id='word_1_140' title='bbox 1103 2153 1173 2220; x_wconf 90' lang='lat' dir='ltr'>mei</span> <span class='ocrx_word' id='word_1_141' title='bbox 1185 2153 1294 2220; x_wconf 87' lang='lat' dir='ltr'>deant</span> <span class='ocrx_word' id='word_1_142' title='bbox 1317 2153 1391 2239; x_wconf 87' lang='lat' dir='ltr'>ipse</span> <span class='ocrx_word' id='word_1_143' title='bbox 1404 2153 1575 2221; x_wconf 84' lang='lat' dir='ltr'>iokardus</span> <span class='ocrx_word' id='word_1_144' title='bbox 1598 2157 1634 2221; x_wconf 90' lang='lat' dir='ltr'>et</span> <span class='ocrx_word' id='word_1_145' title='bbox 1658 2157 1733 2222; x_wconf 89' lang='lat' dir='ltr'>eius</span> <span class='ocrx_word' id='word_1_146' title='bbox 1752 2156 1899 2222; x_wconf 86' lang='lat' dir='ltr'>heredes</span> <span class='ocrx_word' id='word_1_147' title='bbox 1916 2156 2097 2224; x_wconf 89' lang='lat' dir='ltr'>duodecim</span> <span class='ocrx_word' id='word_1_148' title='bbox 2111 2158 2192 2224; x_wconf 89' lang='lat' dir='ltr'>auri</span> 
     </span>
     <span class='ocr_line' id='line_1_12' title="bbox 334 2279 2194 2398; baseline 0.002 -20"><span class='ocrx_word' id='word_1_149' title='bbox 334 2312 405 2378; x_wconf 88' lang='lat' dir='ltr'>tari</span> <span class='ocrx_word' id='word_1_150' title='bbox 421 2312 501 2378; x_wconf 88' lang='lat' dir='ltr'>boni</span> <span class='ocrx_word' id='word_1_151' title='bbox 526 2331 590 2398; x_wconf 93' lang='lat' dir='ltr'>pro</span> <span class='ocrx_word' id='word_1_152' title='bbox 606 2311 694 2378; x_wconf 86' lang='lat' dir='ltr'>meis</span> <span class='ocrx_word' id='word_1_153' title='bbox 718 2310 845 2376; x_wconf 89' lang='lat' dir='ltr'>salutis</span> <span class='ocrx_word' id='word_1_154' title='bbox 869 2309 986 2376; x_wconf 91' lang='lat' dir='ltr'>anime</span> <span class='ocrx_word' id='word_1_155' title='bbox 1000 2328 1063 2395; x_wconf 92' lang='lat' dir='ltr'>per</span> <span class='ocrx_word' id='word_1_156' title='bbox 1086 2328 1253 2376; x_wconf 82' lang='lat' dir='ltr'>manu...</span> <span class='ocrx_word' id='word_1_157' title='bbox 1279 2310 1337 2380; x_wconf 90' lang='lat' dir='ltr'>cui</span> <span class='ocrx_word' id='word_1_158' title='bbox 1354 2329 1419 2396; x_wconf 81' lang='lat' dir='ltr'>ego</span> <span class='ocrx_word' id='word_1_159' title='bbox 1444 2330 1499 2376; x_wconf 92' lang='lat' dir='ltr'>me</span> <span class='ocrx_word' id='word_1_160' title='bbox 1523 2309 1560 2376; x_wconf 87' lang='lat' dir='ltr'>in</span> <span class='ocrx_word' id='word_1_161' title='bbox 1577 2330 1722 2377; x_wconf 87' lang='lat' dir='ltr'>manum</span> <span class='ocrx_word' id='word_1_162' title='bbox 1739 2313 1944 2378; x_wconf 87' lang='lat' dir='ltr'>commisero</span> <span class='ocrx_word' id='word_1_163' title='bbox 1971 2279 2194 2383; x_wconf 84' lang='lat' dir='ltr'>dixtribuen-</span> 
     </span>
     <span class='ocr_line' id='line_1_13' title="bbox 334 2435 2195 2555; baseline 0.003 -23"><span class='ocrx_word' id='word_1_164' title='bbox 334 2467 418 2532; x_wconf 90' lang='lat' dir='ltr'>dum</span> <span class='ocrx_word' id='word_1_165' title='bbox 434 2469 470 2532; x_wconf 92' lang='lat' dir='ltr'>et</span> <span class='ocrx_word' id='word_1_166' title='bbox 493 2467 572 2532; x_wconf 91' lang='lat' dir='ltr'>tota</span> <span class='ocrx_word' id='word_1_167' title='bbox 588 2469 623 2531; x_wconf 94' lang='lat' dir='ltr'>et</span> <span class='ocrx_word' id='word_1_168' title='bbox 636 2465 765 2531; x_wconf 86' lang='lat' dir='ltr'>inclita</span> <span class='ocrx_word' id='word_1_169' title='bbox 779 2463 854 2530; x_wconf 88' lang='lat' dir='ltr'>alia</span> <span class='ocrx_word' id='word_1_170' title='bbox 870 2463 1059 2531; x_wconf 88' lang='lat' dir='ltr'>medietate</span> <span class='ocrx_word' id='word_1_171' title='bbox 1075 2464 1118 2531; x_wconf 93' lang='lat' dir='ltr'>de</span> <span class='ocrx_word' id='word_1_172' title='bbox 1133 2463 1378 2550; x_wconf 87' lang='lat' dir='ltr'>suprascripta</span> <span class='ocrx_word' id='word_1_173' title='bbox 1393 2435 1518 2537; x_wconf 85' lang='lat' dir='ltr'>rebus,</span> <span class='ocrx_word' id='word_1_174' title='bbox 1545 2465 1636 2549; x_wconf 91' lang='lat' dir='ltr'>quod</span> <span class='ocrx_word' id='word_1_175' title='bbox 1649 2467 1703 2530; x_wconf 90' lang='lat' dir='ltr'>est</span> <span class='ocrx_word' id='word_1_176' title='bbox 1719 2467 1845 2533; x_wconf 82' lang='lat' dir='ltr'>movile</span> <span class='ocrx_word' id='word_1_177' title='bbox 1857 2472 1893 2535; x_wconf 92' lang='lat' dir='ltr'>et</span> <span class='ocrx_word' id='word_1_178' title='bbox 1908 2469 2050 2546; x_wconf 89' lang='lat' dir='ltr'>stabile,</span> <span class='ocrx_word' id='word_1_179' title='bbox 2069 2473 2195 2555; x_wconf 89' lang='lat' dir='ltr'>perbe-</span> 
     </span>
     <span class='ocr_line' id='line_1_14' title="bbox 335 2593 2193 2706; baseline 0.003 -20"><span class='ocrx_word' id='word_1_180' title='bbox 335 2620 438 2687; x_wconf 89' lang='lat' dir='ltr'>niant</span> <span class='ocrx_word' id='word_1_181' title='bbox 472 2619 518 2686; x_wconf 91' lang='lat' dir='ltr'>ad</span> <span class='ocrx_word' id='word_1_182' title='bbox 541 2603 717 2706; x_wconf 81' lang='lat' dir='ltr'>potestate</span> <span class='ocrx_word' id='word_1_183' title='bbox 746 2621 866 2684; x_wconf 86' lang='lat' dir='ltr'>uestra</span> <span class='ocrx_word' id='word_1_184' title='bbox 902 2618 963 2704; x_wconf 92' lang='lat' dir='ltr'>qui</span> <span class='ocrx_word' id='word_1_185' title='bbox 986 2637 1095 2704; x_wconf 90' lang='lat' dir='ltr'>supra</span> <span class='ocrx_word' id='word_1_186' title='bbox 1119 2617 1188 2684; x_wconf 84' lang='lat' dir='ltr'>viri</span> <span class='ocrx_word' id='word_1_187' title='bbox 1225 2619 1262 2682; x_wconf 90' lang='lat' dir='ltr'>et</span> <span class='ocrx_word' id='word_1_188' title='bbox 1286 2618 1412 2692; x_wconf 91' lang='lat' dir='ltr'>uxori,</span> <span class='ocrx_word' id='word_1_189' title='bbox 1439 2617 1562 2685; x_wconf 77' lang='lat' dir='ltr'>uelde</span> <span class='ocrx_word' id='word_1_190' title='bbox 1598 2621 1726 2686; x_wconf 85' lang='lat' dir='ltr'>restris</span> <span class='ocrx_word' id='word_1_191' title='bbox 1750 2593 1964 2700; x_wconf 87' lang='lat' dir='ltr'>heredibus,</span> <span class='ocrx_word' id='word_1_192' title='bbox 1991 2624 2193 2692; x_wconf 80' lang='lat' dir='ltr'>faciendum</span> 
     </span>
     <span class='ocr_line' id='line_1_15' title="bbox 334 2761 2194 2866; baseline 0.004 -27"><span class='ocrx_word' id='word_1_193' title='bbox 334 2774 463 2840; x_wconf 85' lang='lat' dir='ltr'>exinde</span> <span class='ocrx_word' id='word_1_194' title='bbox 486 2771 607 2839; x_wconf 89' lang='lat' dir='ltr'>omnia</span> <span class='ocrx_word' id='word_1_195' title='bbox 633 2773 725 2859; x_wconf 92' lang='lat' dir='ltr'>quod</span> <span class='ocrx_word' id='word_1_196' title='bbox 751 2772 951 2849; x_wconf 69' lang='lat' dir='ltr'>volueritis</span> <span class='ocrx_word' id='word_1_197' title='bbox 977 2772 1053 2842; x_wconf 89' lang='lat' dir='ltr'>sine</span> <span class='ocrx_word' id='word_1_198' title='bbox 1076 2774 1173 2839; x_wconf 91' lang='lat' dir='ltr'>omni</span> <span class='ocrx_word' id='word_1_199' title='bbox 1197 2773 1453 2842; x_wconf 88' lang='lat' dir='ltr'>contrarietate</span> <span class='ocrx_word' id='word_1_200' title='bbox 1478 2761 1557 2840; x_wconf 82' lang='lat' dir='ltr'>mea</span> <span class='ocrx_word' id='word_1_201' title='bbox 1581 2775 1682 2840; x_wconf 91' lang='lat' dir='ltr'>etde</span> <span class='ocrx_word' id='word_1_202' title='bbox 1707 2775 1799 2842; x_wconf 88' lang='lat' dir='ltr'>alias</span> <span class='ocrx_word' id='word_1_203' title='bbox 1822 2777 1945 2844; x_wconf 88' lang='lat' dir='ltr'>eredes</span> <span class='ocrx_word' id='word_1_204' title='bbox 1962 2798 2071 2856; x_wconf 87' lang='lat' dir='ltr'>meas,</span> <span class='ocrx_word' id='word_1_205' title='bbox 2090 2782 2194 2866; x_wconf 86' lang='lat' dir='ltr'>septo</span> 
     </span>
     <span class='ocr_line' id='line_1_16' title="bbox 335 2927 2191 3016; baseline 0.005 -23"><span class='ocrx_word' id='word_1_206' title='bbox 335 2929 378 2993; x_wconf 90' lang='lat' dir='ltr'>de</span> <span class='ocrx_word' id='word_1_207' title='bbox 402 2929 576 3014; x_wconf 90' lang='lat' dir='ltr'>quantum</span> <span class='ocrx_word' id='word_1_208' title='bbox 600 2929 684 2993; x_wconf 91' lang='lat' dir='ltr'>ante</span> <span class='ocrx_word' id='word_1_209' title='bbox 707 2946 746 2994; x_wconf 91' lang='lat' dir='ltr'>os</span> <span class='ocrx_word' id='word_1_210' title='bbox 770 2930 927 3013; x_wconf 90' lang='lat' dir='ltr'>tempore</span> <span class='ocrx_word' id='word_1_211' title='bbox 951 2927 1134 2994; x_wconf 90' lang='lat' dir='ltr'>benditum</span> <span class='ocrx_word' id='word_1_212' title='bbox 1159 2931 1246 2994; x_wconf 87' lang='lat' dir='ltr'>abeo</span> <span class='ocrx_word' id='word_1_213' title='bbox 1270 2927 1417 2994; x_wconf 87' lang='lat' dir='ltr'>iohanni</span> <span class='ocrx_word' id='word_1_214' title='bbox 1441 2928 1580 2996; x_wconf 89' lang='lat' dir='ltr'>notario</span> <span class='ocrx_word' id='word_1_215' title='bbox 1604 2950 1668 3016; x_wconf 92' lang='lat' dir='ltr'>per</span> <span class='ocrx_word' id='word_1_216' title='bbox 1682 2931 1786 2997; x_wconf 85' lang='lat' dir='ltr'>firma</span> <span class='ocrx_word' id='word_1_217' title='bbox 1809 2933 1962 3007; x_wconf 88' lang='lat' dir='ltr'>cartula,</span> <span class='ocrx_word' id='word_1_218' title='bbox 1979 2935 2034 2999; x_wconf 88' lang='lat' dir='ltr'>vel</span> <span class='ocrx_word' id='word_1_219' title='bbox 2048 2935 2094 3001; x_wconf 93' lang='lat' dir='ltr'>ad</span> <span class='ocrx_word' id='word_1_220' title='bbox 2107 2934 2191 3002; x_wconf 89' lang='lat' dir='ltr'>aliis</span> 
     </span>
     <span class='ocr_line' id='line_1_17' title="bbox 335 3066 2194 3172; baseline 0.004 -24"><span class='ocrx_word' id='word_1_221' title='bbox 335 3082 536 3157; x_wconf 90' lang='lat' dir='ltr'>ominibus,</span> <span class='ocrx_word' id='word_1_222' title='bbox 563 3081 655 3167; x_wconf 92' lang='lat' dir='ltr'>quod</span> <span class='ocrx_word' id='word_1_223' title='bbox 679 3100 748 3148; x_wconf 92' lang='lat' dir='ltr'>non</span> <span class='ocrx_word' id='word_1_224' title='bbox 773 3083 827 3147; x_wconf 88' lang='lat' dir='ltr'>est</span> <span class='ocrx_word' id='word_1_225' title='bbox 850 3079 892 3146; x_wconf 85' lang='lat' dir='ltr'>ad</span> <span class='ocrx_word' id='word_1_226' title='bbox 916 3100 1031 3146; x_wconf 91' lang='lat' dir='ltr'>meam</span> <span class='ocrx_word' id='word_1_227' title='bbox 1054 3083 1290 3165; x_wconf 88' lang='lat' dir='ltr'>potestatem,</span> <span class='ocrx_word' id='word_1_228' title='bbox 1316 3085 1403 3169; x_wconf 87' lang='lat' dir='ltr'>quot</span> <span class='ocrx_word' id='word_1_229' title='bbox 1425 3083 1509 3149; x_wconf 91' lang='lat' dir='ltr'>illut</span> <span class='ocrx_word' id='word_1_230' title='bbox 1533 3066 1640 3152; x_wconf 88' lang='lat' dir='ltr'>vobis</span> <span class='ocrx_word' id='word_1_231' title='bbox 1665 3085 1752 3150; x_wconf 88' lang='lat' dir='ltr'>dare</span> <span class='ocrx_word' id='word_1_232' title='bbox 1778 3105 1848 3152; x_wconf 90' lang='lat' dir='ltr'>non</span> <span class='ocrx_word' id='word_1_233' title='bbox 1872 3105 2083 3172; x_wconf 90' lang='lat' dir='ltr'>possumus;</span> <span class='ocrx_word' id='word_1_234' title='bbox 2110 3107 2194 3156; x_wconf 89' lang='lat' dir='ltr'>nam</span> 
     </span>
     <span class='ocr_line' id='line_1_18' title="bbox 336 3233 2190 3327; baseline 0.004 -26"><span class='ocrx_word' id='word_1_235' title='bbox 336 3235 411 3321; x_wconf 90' lang='lat' dir='ltr'>ipso</span> <span class='ocrx_word' id='word_1_236' title='bbox 435 3234 528 3301; x_wconf 90' lang='lat' dir='ltr'>aliut</span> <span class='ocrx_word' id='word_1_237' title='bbox 552 3233 647 3321; x_wconf 92' lang='lat' dir='ltr'>quod</span> <span class='ocrx_word' id='word_1_238' title='bbox 671 3233 793 3300; x_wconf 91' lang='lat' dir='ltr'>estad</span> <span class='ocrx_word' id='word_1_239' title='bbox 818 3251 897 3299; x_wconf 90' lang='lat' dir='ltr'>mea</span> <span class='ocrx_word' id='word_1_240' title='bbox 920 3234 1130 3318; x_wconf 89' lang='lat' dir='ltr'>potestatem</span> <span class='ocrx_word' id='word_1_241' title='bbox 1160 3233 1203 3298; x_wconf 93' lang='lat' dir='ltr'>de</span> <span class='ocrx_word' id='word_1_242' title='bbox 1227 3234 1355 3300; x_wconf 93' lang='lat' dir='ltr'>stavile</span> <span class='ocrx_word' id='word_1_243' title='bbox 1379 3237 1415 3304; x_wconf 92' lang='lat' dir='ltr'>et</span> <span class='ocrx_word' id='word_1_244' title='bbox 1437 3235 1480 3302; x_wconf 92' lang='lat' dir='ltr'>de</span> <span class='ocrx_word' id='word_1_245' title='bbox 1504 3237 1655 3314; x_wconf 89' lang='lat' dir='ltr'>mobile,</span> <span class='ocrx_word' id='word_1_246' title='bbox 1682 3241 1760 3324; x_wconf 91' lang='lat' dir='ltr'>post</span> <span class='ocrx_word' id='word_1_247' title='bbox 1784 3258 1972 3327; x_wconf 89' lang='lat' dir='ltr'>meumque</span> <span class='ocrx_word' id='word_1_248' title='bbox 1996 3242 2190 3309; x_wconf 89' lang='lat' dir='ltr'>transitum</span> 
     </span>
     <span class='ocr_line' id='line_1_19' title="bbox 336 3365 2220 3477; baseline 0.002 -19"><span class='ocrx_word' id='word_1_249' title='bbox 336 3391 472 3458; x_wconf 91' lang='lat' dir='ltr'>obitum</span> <span class='ocrx_word' id='word_1_250' title='bbox 497 3389 641 3458; x_wconf 80' lang='lat' dir='ltr'>faciatis</span> <span class='ocrx_word' id='word_1_251' title='bbox 664 3389 708 3456; x_wconf 91' lang='lat' dir='ltr'>de</span> <span class='ocrx_word' id='word_1_252' title='bbox 732 3408 824 3466; x_wconf 88' lang='lat' dir='ltr'>eam,</span> <span class='ocrx_word' id='word_1_253' title='bbox 850 3391 888 3454; x_wconf 90' lang='lat' dir='ltr'>ut</span> <span class='ocrx_word' id='word_1_254' title='bbox 911 3387 1074 3474; x_wconf 88' lang='lat' dir='ltr'>superius</span> <span class='ocrx_word' id='word_1_255' title='bbox 1097 3387 1279 3464; x_wconf 91' lang='lat' dir='ltr'>diximus,</span> <span class='ocrx_word' id='word_1_256' title='bbox 1305 3390 1468 3476; x_wconf 89' lang='lat' dir='ltr'>quicquit</span> <span class='ocrx_word' id='word_1_257' title='bbox 1490 3390 1611 3457; x_wconf 90' lang='lat' dir='ltr'>omnia</span> <span class='ocrx_word' id='word_1_258' title='bbox 1634 3391 1726 3477; x_wconf 92' lang='lat' dir='ltr'>quod</span> <span class='ocrx_word' id='word_1_259' title='bbox 1752 3392 1951 3461; x_wconf 88' lang='lat' dir='ltr'>volueritis.</span> <span class='ocrx_word' id='word_1_260' title='bbox 1978 3395 2111 3460; x_wconf 89' lang='lat' dir='ltr'>Iterum</span> <span class='ocrx_word' id='word_1_261' title='bbox 2135 3365 2220 3461; x_wconf 54' lang='lat' dir='ltr'>de?</span> 
     </span>
     <span class='ocr_line' id='line_1_20' title="bbox 335 3543 2196 3633; baseline -0.001 -18"><span class='ocrx_word' id='word_1_262' title='bbox 335 3550 433 3628; x_wconf 89' lang='lat' dir='ltr'>claro</span> <span class='ocrx_word' id='word_1_263' title='bbox 457 3566 523 3633; x_wconf 87' lang='lat' dir='ltr'>ego</span> <span class='ocrx_word' id='word_1_264' title='bbox 546 3544 695 3613; x_wconf 89' lang='lat' dir='ltr'>concilio</span> <span class='ocrx_word' id='word_1_265' title='bbox 719 3543 907 3630; x_wconf 85' lang='lat' dir='ltr'>presbiter,</span> <span class='ocrx_word' id='word_1_266' title='bbox 919 3543 1003 3630; x_wconf 93' lang='lat' dir='ltr'>quia</span> <span class='ocrx_word' id='word_1_267' title='bbox 1027 3543 1128 3609; x_wconf 92' lang='lat' dir='ltr'>modo</span> <span class='ocrx_word' id='word_1_268' title='bbox 1152 3545 1241 3610; x_wconf 91' lang='lat' dir='ltr'>abeo</span> <span class='ocrx_word' id='word_1_269' title='bbox 1267 3561 1376 3608; x_wconf 91' lang='lat' dir='ltr'>unum</span> <span class='ocrx_word' id='word_1_270' title='bbox 1400 3543 1541 3630; x_wconf 88' lang='lat' dir='ltr'>parium</span> <span class='ocrx_word' id='word_1_271' title='bbox 1566 3543 1608 3609; x_wconf 93' lang='lat' dir='ltr'>de</span> <span class='ocrx_word' id='word_1_272' title='bbox 1634 3544 1767 3621; x_wconf 89' lang='lat' dir='ltr'>baccie,</span> <span class='ocrx_word' id='word_1_273' title='bbox 1786 3547 1823 3611; x_wconf 94' lang='lat' dir='ltr'>ut</span> <span class='ocrx_word' id='word_1_274' title='bbox 1839 3545 1963 3612; x_wconf 90' lang='lat' dir='ltr'>amodo</span> <span class='ocrx_word' id='word_1_275' title='bbox 1979 3565 2002 3612; x_wconf 92' lang='lat' dir='ltr'>a</span> <span class='ocrx_word' id='word_1_276' title='bbox 2017 3547 2196 3632; x_wconf 89' lang='lat' dir='ltr'>presentis</span> 
     </span>
     <span class='ocr_line' id='line_1_21' title="bbox 335 3695 2200 3785; baseline -0.001 -17"><span class='ocrx_word' id='word_1_277' title='bbox 335 3701 432 3770; x_wconf 90' lang='lat' dir='ltr'>siant</span> <span class='ocrx_word' id='word_1_278' title='bbox 454 3697 498 3768; x_wconf 89' lang='lat' dir='ltr'>ad</span> <span class='ocrx_word' id='word_1_279' title='bbox 515 3702 636 3765; x_wconf 90' lang='lat' dir='ltr'>vestra</span> <span class='ocrx_word' id='word_1_280' title='bbox 659 3699 846 3784; x_wconf 89' lang='lat' dir='ltr'>potestate,</span> <span class='ocrx_word' id='word_1_281' title='bbox 865 3715 938 3764; x_wconf 89' lang='lat' dir='ltr'>una</span> <span class='ocrx_word' id='word_1_282' title='bbox 960 3696 1081 3782; x_wconf 87' lang='lat' dir='ltr'>genka</span> <span class='ocrx_word' id='word_1_283' title='bbox 1097 3697 1225 3762; x_wconf 86' lang='lat' dir='ltr'>abente</span> <span class='ocrx_word' id='word_1_284' title='bbox 1249 3695 1321 3781; x_wconf 91' lang='lat' dir='ltr'>pilo</span> <span class='ocrx_word' id='word_1_285' title='bbox 1345 3695 1459 3772; x_wconf 89' lang='lat' dir='ltr'>rubio,</span> <span class='ocrx_word' id='word_1_286' title='bbox 1474 3696 1676 3764; x_wconf 83' lang='lat' dir='ltr'>faciendum</span> <span class='ocrx_word' id='word_1_287' title='bbox 1699 3695 1781 3764; x_wconf 88' lang='lat' dir='ltr'>inde</span> <span class='ocrx_word' id='word_1_288' title='bbox 1797 3701 1833 3764; x_wconf 91' lang='lat' dir='ltr'>et</span> <span class='ocrx_word' id='word_1_289' title='bbox 1855 3697 2019 3785; x_wconf 89' lang='lat' dir='ltr'>filiisque</span> <span class='ocrx_word' id='word_1_290' title='bbox 2044 3697 2200 3766; x_wconf 82' lang='lat' dir='ltr'>fecerint</span> 
     </span>
     <span class='ocr_line' id='line_1_22' title="bbox 334 3849 2197 3939; baseline -0.001 -18"><span class='ocrx_word' id='word_1_291' title='bbox 334 3854 465 3930; x_wconf 90' lang='lat' dir='ltr'>omnia,</span> <span class='ocrx_word' id='word_1_292' title='bbox 484 3851 576 3939; x_wconf 91' lang='lat' dir='ltr'>quod</span> <span class='ocrx_word' id='word_1_293' title='bbox 600 3851 791 3926; x_wconf 71' lang='lat' dir='ltr'>voluerint,</span> <span class='ocrx_word' id='word_1_294' title='bbox 817 3853 853 3917; x_wconf 90' lang='lat' dir='ltr'>et</span> <span class='ocrx_word' id='word_1_295' title='bbox 876 3851 919 3917; x_wconf 90' lang='lat' dir='ltr'>de</span> <span class='ocrx_word' id='word_1_296' title='bbox 943 3849 1019 3936; x_wconf 89' lang='lat' dir='ltr'>ipsa</span> <span class='ocrx_word' id='word_1_297' title='bbox 1044 3849 1118 3917; x_wconf 87' lang='lat' dir='ltr'>alia</span> <span class='ocrx_word' id='word_1_298' title='bbox 1143 3849 1277 3926; x_wconf 83' lang='lat' dir='ltr'>baccie,</span> <span class='ocrx_word' id='word_1_299' title='bbox 1297 3869 1364 3937; x_wconf 91' lang='lat' dir='ltr'>que</span> <span class='ocrx_word' id='word_1_300' title='bbox 1389 3849 1602 3916; x_wconf 88' lang='lat' dir='ltr'>remanserit</span> <span class='ocrx_word' id='word_1_301' title='bbox 1625 3852 1661 3915; x_wconf 93' lang='lat' dir='ltr'>et</span> <span class='ocrx_word' id='word_1_302' title='bbox 1683 3851 1766 3918; x_wconf 80' lang='lat' dir='ltr'>tiliis</span> <span class='ocrx_word' id='word_1_303' title='bbox 1790 3870 1859 3938; x_wconf 90' lang='lat' dir='ltr'>que</span> <span class='ocrx_word' id='word_1_304' title='bbox 1875 3851 2012 3929; x_wconf 84' lang='lat' dir='ltr'>fecerit,</span> <span class='ocrx_word' id='word_1_305' title='bbox 2031 3871 2112 3918; x_wconf 88' lang='lat' dir='ltr'>cum</span> <span class='ocrx_word' id='word_1_306' title='bbox 2128 3853 2197 3920; x_wconf 90' lang='lat' dir='ltr'>iila</span> 
     </span>
     <span class='ocr_line' id='line_1_23' title="bbox 335 4003 2200 4095; baseline -0.002 -20"><span class='ocrx_word' id='word_1_307' title='bbox 335 4010 499 4076; x_wconf 89' lang='lat' dir='ltr'>lavorare</span> <span class='ocrx_word' id='word_1_308' title='bbox 525 4026 635 4095; x_wconf 89' lang='lat' dir='ltr'>usque</span> <span class='ocrx_word' id='word_1_309' title='bbox 659 4005 698 4073; x_wconf 90' lang='lat' dir='ltr'>in</span> <span class='ocrx_word' id='word_1_310' title='bbox 727 4006 851 4074; x_wconf 88' lang='lat' dir='ltr'>dicbus</span> <span class='ocrx_word' id='word_1_311' title='bbox 874 4003 947 4072; x_wconf 84' lang='lat' dir='ltr'>rite</span> <span class='ocrx_word' id='word_1_312' title='bbox 970 4023 1060 4082; x_wconf 91' lang='lat' dir='ltr'>mee,</span> <span class='ocrx_word' id='word_1_313' title='bbox 1086 4007 1122 4070; x_wconf 92' lang='lat' dir='ltr'>et</span> <span class='ocrx_word' id='word_1_314' title='bbox 1145 4004 1188 4070; x_wconf 90' lang='lat' dir='ltr'>de</span> <span class='ocrx_word' id='word_1_315' title='bbox 1212 4004 1279 4090; x_wconf 87' lang='lat' dir='ltr'>ipsi</span> <span class='ocrx_word' id='word_1_316' title='bbox 1302 4004 1430 4086; x_wconf 86' lang='lat' dir='ltr'>lavori,</span> <span class='ocrx_word' id='word_1_317' title='bbox 1456 4003 1548 4092; x_wconf 90' lang='lat' dir='ltr'>quod</span> <span class='ocrx_word' id='word_1_318' title='bbox 1572 4023 1653 4070; x_wconf 92' lang='lat' dir='ltr'>cum</span> <span class='ocrx_word' id='word_1_319' title='bbox 1677 4003 1777 4070; x_wconf 90' lang='lat' dir='ltr'>illam</span> <span class='ocrx_word' id='word_1_320' title='bbox 1802 4005 1949 4083; x_wconf 80' lang='lat' dir='ltr'>fecerit,</span> <span class='ocrx_word' id='word_1_321' title='bbox 1975 4025 2039 4072; x_wconf 89' lang='lat' dir='ltr'>nos</span> <span class='ocrx_word' id='word_1_322' title='bbox 2061 4009 2098 4074; x_wconf 90' lang='lat' dir='ltr'>et</span> <span class='ocrx_word' id='word_1_323' title='bbox 2121 4007 2200 4074; x_wconf 89' lang='lat' dir='ltr'>illis</span> 
     </span>
     <span class='ocr_line' id='line_1_24' title="bbox 336 4154 2197 4266; baseline -0.003 -35"><span class='ocrx_word' id='word_1_324' title='bbox 336 4162 509 4239; x_wconf 92' lang='lat' dir='ltr'>bivamus,</span> <span class='ocrx_word' id='word_1_325' title='bbox 535 4163 613 4248; x_wconf 87' lang='lat' dir='ltr'>post</span> <span class='ocrx_word' id='word_1_326' title='bbox 635 4159 770 4226; x_wconf 90' lang='lat' dir='ltr'>obitum</span> <span class='ocrx_word' id='word_1_327' title='bbox 795 4176 911 4224; x_wconf 89' lang='lat' dir='ltr'>meum</span> <span class='ocrx_word' id='word_1_328' title='bbox 927 4156 1005 4243; x_wconf 88' lang='lat' dir='ltr'>ipsa</span> <span class='ocrx_word' id='word_1_329' title='bbox 1021 4156 1144 4266; x_wconf 84' lang='lat' dir='ltr'>baccia</span> <span class='ocrx_word' id='word_1_330' title='bbox 1159 4157 1196 4222; x_wconf 91' lang='lat' dir='ltr'>et</span> <span class='ocrx_word' id='word_1_331' title='bbox 1210 4154 1293 4223; x_wconf 89' lang='lat' dir='ltr'>tiliis</span> <span class='ocrx_word' id='word_1_332' title='bbox 1309 4175 1377 4241; x_wconf 91' lang='lat' dir='ltr'>que</span> <span class='ocrx_word' id='word_1_333' title='bbox 1401 4157 1538 4233; x_wconf 83' lang='lat' dir='ltr'>fecerit,</span> <span class='ocrx_word' id='word_1_334' title='bbox 1555 4157 1645 4224; x_wconf 86' lang='lat' dir='ltr'>flant</span> <span class='ocrx_word' id='word_1_335' title='bbox 1659 4156 1704 4224; x_wconf 87' lang='lat' dir='ltr'>ad</span> <span class='ocrx_word' id='word_1_336' title='bbox 1717 4158 1927 4242; x_wconf 90' lang='lat' dir='ltr'>potestatem</span> <span class='ocrx_word' id='word_1_337' title='bbox 1949 4157 1992 4223; x_wconf 90' lang='lat' dir='ltr'>de</span> <span class='ocrx_word' id='word_1_338' title='bbox 2007 4157 2143 4230; x_wconf 76' lang='lat' dir='ltr'>sumita</span> <span class='ocrx_word' id='word_1_339' title='bbox 2159 4162 2197 4226; x_wconf 94' lang='lat' dir='ltr'>et</span> 
     </span>
     <span class='ocr_line' id='line_1_25' title="bbox 336 4310 2195 4406; baseline -0.003 -20"><span class='ocrx_word' id='word_1_340' title='bbox 336 4317 588 4406; x_wconf 90' lang='lat' dir='ltr'>iaquintellum</span> <span class='ocrx_word' id='word_1_341' title='bbox 612 4317 648 4381; x_wconf 91' lang='lat' dir='ltr'>et</span> <span class='ocrx_word' id='word_1_342' title='bbox 671 4314 714 4380; x_wconf 92' lang='lat' dir='ltr'>de</span> <span class='ocrx_word' id='word_1_343' title='bbox 739 4313 884 4380; x_wconf 89' lang='lat' dir='ltr'>illorum</span> <span class='ocrx_word' id='word_1_344' title='bbox 907 4311 1043 4389; x_wconf 90' lang='lat' dir='ltr'>eredes,</span> <span class='ocrx_word' id='word_1_345' title='bbox 1070 4310 1297 4378; x_wconf 88' lang='lat' dir='ltr'>medietatem</span> <span class='ocrx_word' id='word_1_346' title='bbox 1322 4310 1433 4397; x_wconf 89' lang='lat' dir='ltr'>ipsius</span> <span class='ocrx_word' id='word_1_347' title='bbox 1456 4311 1588 4378; x_wconf 85' lang='lat' dir='ltr'>sitraite</span> <span class='ocrx_word' id='word_1_348' title='bbox 1611 4313 1647 4376; x_wconf 87' lang='lat' dir='ltr'>et</span> <span class='ocrx_word' id='word_1_349' title='bbox 1670 4310 1744 4377; x_wconf 89' lang='lat' dir='ltr'>alia</span> <span class='ocrx_word' id='word_1_350' title='bbox 1768 4310 1995 4378; x_wconf 89' lang='lat' dir='ltr'>medietatem</span> <span class='ocrx_word' id='word_1_351' title='bbox 2018 4311 2130 4398; x_wconf 90' lang='lat' dir='ltr'>ipsius</span> <span class='ocrx_word' id='word_1_352' title='bbox 2146 4316 2195 4382; x_wconf 90' lang='lat' dir='ltr'>ia-</span> 
     </span>
     <span class='ocr_line' id='line_1_26' title="bbox 336 4443 2195 4562; baseline -0.003 -21"><span class='ocrx_word' id='word_1_353' title='bbox 336 4473 465 4562; x_wconf 90' lang='lat' dir='ltr'>quinti,</span> <span class='ocrx_word' id='word_1_354' title='bbox 492 4471 694 4539; x_wconf 85' lang='lat' dir='ltr'>faciendum</span> <span class='ocrx_word' id='word_1_355' title='bbox 718 4487 782 4556; x_wconf 90' lang='lat' dir='ltr'>per</span> <span class='ocrx_word' id='word_1_356' title='bbox 805 4471 926 4555; x_wconf 89' lang='lat' dir='ltr'>partes</span> <span class='ocrx_word' id='word_1_357' title='bbox 949 4466 1041 4554; x_wconf 92' lang='lat' dir='ltr'>quod</span> <span class='ocrx_word' id='word_1_358' title='bbox 1072 4465 1274 4541; x_wconf 90' lang='lat' dir='ltr'>voluerint,</span> <span class='ocrx_word' id='word_1_359' title='bbox 1301 4443 1532 4546; x_wconf 83' lang='lat' dir='ltr'>hecomnia,</span> <span class='ocrx_word' id='word_1_360' title='bbox 1561 4467 1599 4531; x_wconf 91' lang='lat' dir='ltr'>ut</span> <span class='ocrx_word' id='word_1_361' title='bbox 1621 4461 1782 4550; x_wconf 89' lang='lat' dir='ltr'>superius</span> <span class='ocrx_word' id='word_1_362' title='bbox 1806 4466 1964 4551; x_wconf 85' lang='lat' dir='ltr'>legitur,</span> <span class='ocrx_word' id='word_1_363' title='bbox 1990 4467 2073 4534; x_wconf 91' lang='lat' dir='ltr'>illut</span> <span class='ocrx_word' id='word_1_364' title='bbox 2097 4471 2195 4536; x_wconf 88' lang='lat' dir='ltr'>vobis</span> 
     </span>
     <span class='ocr_line' id='line_1_27' title="bbox 339 4619 2259 4715; baseline -0.001 -23"><span class='ocrx_word' id='word_1_365' title='bbox 339 4629 537 4715; x_wconf 88' lang='lat' dir='ltr'>vestrisque</span> <span class='ocrx_word' id='word_1_366' title='bbox 561 4625 725 4693; x_wconf 89' lang='lat' dir='ltr'>eredibus</span> <span class='ocrx_word' id='word_1_367' title='bbox 748 4641 807 4690; x_wconf 93' lang='lat' dir='ltr'>eos</span> <span class='ocrx_word' id='word_1_368' title='bbox 830 4622 1007 4691; x_wconf 89' lang='lat' dir='ltr'>abendum</span> <span class='ocrx_word' id='word_1_369' title='bbox 1030 4622 1068 4688; x_wconf 91' lang='lat' dir='ltr'>et</span> <span class='ocrx_word' id='word_1_370' title='bbox 1091 4620 1291 4687; x_wconf 86' lang='lat' dir='ltr'>faciendum</span> <span class='ocrx_word' id='word_1_371' title='bbox 1316 4620 1359 4686; x_wconf 92' lang='lat' dir='ltr'>de</span> <span class='ocrx_word' id='word_1_372' title='bbox 1383 4638 1461 4685; x_wconf 91' lang='lat' dir='ltr'>eam</span> <span class='ocrx_word' id='word_1_373' title='bbox 1485 4619 1627 4696; x_wconf 90' lang='lat' dir='ltr'>omnia,</span> <span class='ocrx_word' id='word_1_374' title='bbox 1654 4620 1746 4706; x_wconf 91' lang='lat' dir='ltr'>quod</span> <span class='ocrx_word' id='word_1_375' title='bbox 1770 4621 1946 4699; x_wconf 91' lang='lat' dir='ltr'>voluerit,</span> <span class='ocrx_word' id='word_1_376' title='bbox 1972 4641 2052 4687; x_wconf 90' lang='lat' dir='ltr'>cum</span> <span class='ocrx_word' id='word_1_377' title='bbox 2075 4625 2199 4691; x_wconf 89' lang='lat' dir='ltr'>omnia</span> <span class='ocrx_word' id='word_1_378' title='bbox 2257 4673 2259 4680; x_wconf 70' lang='lat'>,</span> 
     </span>
     <span class='ocr_line' id='line_1_28' title="bbox 337 4751 2197 4861; baseline -0.003 -11"><span class='ocrx_word' id='word_1_379' title='bbox 337 4783 431 4850; x_wconf 92' lang='lat' dir='ltr'>intro</span> <span class='ocrx_word' id='word_1_380' title='bbox 454 4800 493 4849; x_wconf 91' lang='lat' dir='ltr'>se</span> <span class='ocrx_word' id='word_1_381' title='bbox 516 4781 716 4856; x_wconf 91' lang='lat' dir='ltr'>abentibus,</span> <span class='ocrx_word' id='word_1_382' title='bbox 742 4781 779 4845; x_wconf 92' lang='lat' dir='ltr'>et</span> <span class='ocrx_word' id='word_1_383' title='bbox 802 4795 883 4844; x_wconf 85' lang='lat' dir='ltr'>cum</span> <span class='ocrx_word' id='word_1_384' title='bbox 907 4775 983 4843; x_wconf 90' lang='lat' dir='ltr'>bice</span> <span class='ocrx_word' id='word_1_385' title='bbox 1007 4775 1048 4840; x_wconf 89' lang='lat' dir='ltr'>de</span> <span class='ocrx_word' id='word_1_386' title='bbox 1073 4774 1139 4840; x_wconf 88' lang='lat' dir='ltr'>viis</span> <span class='ocrx_word' id='word_1_387' title='bbox 1162 4774 1252 4850; x_wconf 91' lang='lat' dir='ltr'>suis,</span> <span class='ocrx_word' id='word_1_388' title='bbox 1271 4751 1363 4840; x_wconf 89' lang='lat' dir='ltr'>unde</span> <span class='ocrx_word' id='word_1_389' title='bbox 1386 4793 1450 4860; x_wconf 92' lang='lat' dir='ltr'>pro</span> <span class='ocrx_word' id='word_1_390' title='bbox 1474 4774 1598 4841; x_wconf 89' lang='lat' dir='ltr'>taliter</span> <span class='ocrx_word' id='word_1_391' title='bbox 1615 4795 1679 4860; x_wconf 89' lang='lat' dir='ltr'>per</span> <span class='ocrx_word' id='word_1_392' title='bbox 1695 4774 1946 4842; x_wconf 90' lang='lat' dir='ltr'>convenientia</span> <span class='ocrx_word' id='word_1_393' title='bbox 1960 4794 2025 4861; x_wconf 85' lang='lat' dir='ltr'>ego</span> <span class='ocrx_word' id='word_1_394' title='bbox 2044 4777 2197 4844; x_wconf 89' lang='lat' dir='ltr'>concilio</span> 
     </span>
     <span class='ocr_line' id='line_1_29' title="bbox 295 4921 2201 5024; baseline -0.003 -20"><span class='ocrx_word' id='word_1_395' title='bbox 295 4973 300 4984; x_wconf 89' lang='lat'><strong>·</strong></span> <span class='ocrx_word' id='word_1_396' title='bbox 341 4936 518 5024; x_wconf 88' lang='lat' dir='ltr'>presbiter</span> <span class='ocrx_word' id='word_1_397' title='bbox 540 4935 675 5022; x_wconf 84' lang='lat' dir='ltr'>guadia</span> <span class='ocrx_word' id='word_1_398' title='bbox 698 4933 763 5001; x_wconf 90' lang='lat' dir='ltr'>tibi</span> <span class='ocrx_word' id='word_1_399' title='bbox 787 4930 928 4999; x_wconf 86' lang='lat' dir='ltr'>iokardi</span> <span class='ocrx_word' id='word_1_400' title='bbox 951 4929 1050 4997; x_wconf 91' lang='lat' dir='ltr'>dedit</span> <span class='ocrx_word' id='word_1_401' title='bbox 1071 4933 1108 4996; x_wconf 91' lang='lat' dir='ltr'>et</span> <span class='ocrx_word' id='word_1_402' title='bbox 1129 4929 1362 4997; x_wconf 85' lang='lat' dir='ltr'>fideiuxorem</span> <span class='ocrx_word' id='word_1_403' title='bbox 1387 4927 1448 4996; x_wconf 89' lang='lat' dir='ltr'>tibi</span> <span class='ocrx_word' id='word_1_404' title='bbox 1474 4931 1591 5017; x_wconf 90' lang='lat' dir='ltr'>posuit</span> <span class='ocrx_word' id='word_1_405' title='bbox 1614 4921 1735 5016; x_wconf 85' lang='lat' dir='ltr'>petrus</span> <span class='ocrx_word' id='word_1_406' title='bbox 1766 4931 1860 4998; x_wconf 82' lang='lat' dir='ltr'>tilius</span> <span class='ocrx_word' id='word_1_407' title='bbox 1894 4931 2072 5018; x_wconf 90' lang='lat' dir='ltr'>quondam</span> <span class='ocrx_word' id='word_1_408' title='bbox 2096 4950 2201 4998; x_wconf 83' lang='lat' dir='ltr'>rene-</span> 
     </span>
     <span class='ocr_line' id='line_1_30' title="bbox 338 5084 2199 5177; baseline -0.003 -18"><span class='ocrx_word' id='word_1_409' title='bbox 338 5091 425 5160; x_wconf 92' lang='lat' dir='ltr'>dicti</span> <span class='ocrx_word' id='word_1_410' title='bbox 448 5089 592 5177; x_wconf 78' lang='lat' dir='ltr'>sogari3</span> <span class='ocrx_word' id='word_1_411' title='bbox 629 5093 667 5156; x_wconf 90' lang='lat' dir='ltr'>et</span> <span class='ocrx_word' id='word_1_412' title='bbox 688 5107 753 5176; x_wconf 88' lang='lat' dir='ltr'>per</span> <span class='ocrx_word' id='word_1_413' title='bbox 775 5087 854 5173; x_wconf 90' lang='lat' dir='ltr'>ipsa</span> <span class='ocrx_word' id='word_1_414' title='bbox 876 5085 1010 5171; x_wconf 84' lang='lat' dir='ltr'>guadia</span> <span class='ocrx_word' id='word_1_415' title='bbox 1033 5086 1148 5170; x_wconf 85' lang='lat' dir='ltr'>obligo</span> <span class='ocrx_word' id='word_1_416' title='bbox 1172 5104 1228 5150; x_wconf 92' lang='lat' dir='ltr'>me</span> <span class='ocrx_word' id='word_1_417' title='bbox 1251 5089 1288 5151; x_wconf 91' lang='lat' dir='ltr'>et</span> <span class='ocrx_word' id='word_1_418' title='bbox 1310 5085 1398 5152; x_wconf 92' lang='lat' dir='ltr'>meis</span> <span class='ocrx_word' id='word_1_419' title='bbox 1421 5084 1586 5152; x_wconf 90' lang='lat' dir='ltr'>eredibus</span> <span class='ocrx_word' id='word_1_420' title='bbox 1609 5086 1855 5152; x_wconf 90' lang='lat' dir='ltr'>antistandum</span> <span class='ocrx_word' id='word_1_421' title='bbox 1879 5087 1976 5154; x_wconf 89' lang='lat' dir='ltr'>vobis</span> <span class='ocrx_word' id='word_1_422' title='bbox 2000 5088 2199 5174; x_wconf 89' lang='lat' dir='ltr'>vestrisque</span> 
     </span>
     <span class='ocr_line' id='line_1_31' title="bbox 339 5217 2189 5328; baseline -0.002 -16"><span class='ocrx_word' id='word_1_423' title='bbox 339 5247 503 5314; x_wconf 90' lang='lat' dir='ltr'>eredibus</span> <span class='ocrx_word' id='word_1_424' title='bbox 526 5249 603 5313; x_wconf 87' lang='lat' dir='ltr'>tota</span> <span class='ocrx_word' id='word_1_425' title='bbox 626 5246 662 5311; x_wconf 92' lang='lat' dir='ltr'>et</span> <span class='ocrx_word' id='word_1_426' title='bbox 684 5217 813 5311; x_wconf 84' lang='lat' dir='ltr'>inclita</span> <span class='ocrx_word' id='word_1_427' title='bbox 834 5241 1080 5328; x_wconf 84' lang='lat' dir='ltr'>suprascripta</span> <span class='ocrx_word' id='word_1_428' title='bbox 1102 5258 1182 5306; x_wconf 91' lang='lat' dir='ltr'>mea</span> <span class='ocrx_word' id='word_1_429' title='bbox 1205 5237 1406 5319; x_wconf 87' lang='lat' dir='ltr'>donatione,</span> <span class='ocrx_word' id='word_1_430' title='bbox 1434 5242 1473 5305; x_wconf 92' lang='lat' dir='ltr'>ut</span> <span class='ocrx_word' id='word_1_431' title='bbox 1495 5240 1659 5326; x_wconf 81' lang='lat' dir='ltr'>superius</span> <span class='ocrx_word' id='word_1_432' title='bbox 1682 5239 1829 5325; x_wconf 81' lang='lat' dir='ltr'>legitur,</span> <span class='ocrx_word' id='word_1_433' title='bbox 1855 5239 1901 5306; x_wconf 89' lang='lat' dir='ltr'>da</span> <span class='ocrx_word' id='word_1_434' title='bbox 1924 5241 2038 5308; x_wconf 88' lang='lat' dir='ltr'>omnis</span> <span class='ocrx_word' id='word_1_435' title='bbox 2053 5242 2189 5309; x_wconf 90' lang='lat' dir='ltr'>omines</span> 
     </span>
     <span class='ocr_line' id='line_1_32' title="bbox 333 5394 2189 5491; baseline -0.004 -21"><span class='ocrx_word' id='word_1_436' title='bbox 333 5404 503 5491; x_wconf 91' lang='lat' dir='ltr'>omnique</span> <span class='ocrx_word' id='word_1_437' title='bbox 525 5400 699 5489; x_wconf 88' lang='lat' dir='ltr'>partibus,</span> <span class='ocrx_word' id='word_1_438' title='bbox 728 5398 817 5466; x_wconf 89' lang='lat' dir='ltr'>etsi</span> <span class='ocrx_word' id='word_1_439' title='bbox 841 5397 965 5464; x_wconf 88' lang='lat' dir='ltr'>taliter</span> <span class='ocrx_word' id='word_1_440' title='bbox 988 5398 1056 5462; x_wconf 88' lang='lat' dir='ltr'>etc.</span> <span class='ocrx_word' id='word_1_441' title='bbox 1084 5396 1230 5462; x_wconf 83' lang='lat' dir='ltr'>Stctuta</span> <span class='ocrx_word' id='word_1_442' title='bbox 1254 5395 1389 5459; x_wconf 72' lang='lat' dir='ltr'>tatzttcta</span> <span class='ocrx_word' id='word_1_443' title='bbox 1414 5395 1571 5477; x_wconf 70' lang='lat' dir='ltr'>triptota</span> <span class='ocrx_word' id='word_1_444' title='bbox 1594 5395 1682 5460; x_wconf 73' lang='lat' dir='ltr'>caari</span> <span class='ocrx_word' id='word_1_445' title='bbox 1705 5394 1903 5459; x_wconf 76' lang='lat' dir='ltr'>solidorum</span> <span class='ocrx_word' id='word_1_446' title='bbox 1925 5395 2189 5462; x_wconf 76' lang='lat' dir='ltr'>constantinia·</span> 
     </span>
    </p>
   </div>
   <div class='ocr_carea' id='block_1_3' title="bbox 339 5545 1927 5636">
    <p class='ocr_par' dir='ltr' id='par_1_3' title="bbox 339 5545 1927 5636">
     <span class='ocr_line' id='line_1_33' title="bbox 339 5545 1927 5636; baseline -0.008 -11"><span class='ocrx_word' id='word_1_447' title='bbox 339 5578 484 5626; x_wconf 76' lang='lat' dir='ltr'>aarum.</span> <span class='ocrx_word' id='word_1_448' title='bbox 510 5559 555 5624; x_wconf 83' lang='lat' dir='ltr'>Et</span> <span class='ocrx_word' id='word_1_449' title='bbox 576 5555 700 5624; x_wconf 87' lang='lat' dir='ltr'>taliter</span> <span class='ocrx_word' id='word_1_450' title='bbox 722 5552 879 5620; x_wconf 88' lang='lat' dir='ltr'>scribere</span> <span class='ocrx_word' id='word_1_451' title='bbox 905 5549 1110 5636; x_wconf 85' lang='lat' dir='ltr'>rogavimus</span> <span class='ocrx_word' id='word_1_452' title='bbox 1133 5552 1167 5616; x_wconf 91' lang='lat' dir='ltr'>te</span> <span class='ocrx_word' id='word_1_453' title='bbox 1191 5547 1363 5615; x_wconf 90' lang='lat' dir='ltr'>iohannes</span> <span class='ocrx_word' id='word_1_454' title='bbox 1388 5545 1598 5624; x_wconf 89' lang='lat' dir='ltr'>notarium,</span> <span class='ocrx_word' id='word_1_455' title='bbox 1624 5551 1743 5614; x_wconf 89' lang='lat' dir='ltr'>actum</span> <span class='ocrx_word' id='word_1_456' title='bbox 1769 5547 1927 5614; x_wconf 87' lang='lat' dir='ltr'>nuceria.</span> 
     </span>
    </p>
   </div>
   <div class='ocr_carea' id='block_1_4' title="bbox 383 5709 1049 5805">
    <p class='ocr_par' dir='ltr' id='par_1_4' title="bbox 383 5709 1049 5805">
     <span class='ocr_line' id='line_1_34' title="bbox 383 5709 1049 5805; baseline -0.026 -16"><span class='ocrx_word' id='word_1_457' title='bbox 383 5714 410 5805; x_wconf 86' lang='lat'>†</span> <span class='ocrx_word' id='word_1_458' title='bbox 433 5717 507 5801; x_wconf 80' lang='lat' dir='ltr'>Ego</span> <span class='ocrx_word' id='word_1_459' title='bbox 530 5716 652 5800; x_wconf 90' lang='lat' dir='ltr'>petrus</span> <span class='ocrx_word' id='word_1_460' title='bbox 674 5709 844 5778; x_wconf 89' lang='lat' dir='ltr'>diaconus</span> <span class='ocrx_word' id='word_1_461' title='bbox 866 5709 904 5775; x_wconf 91' lang='lat' dir='ltr'>et</span> <span class='ocrx_word' id='word_1_462' title='bbox 926 5709 1049 5774; x_wconf 81' lang='lat' dir='ltr'>abbas.</span> 
     </span>
    </p>
   </div>
   <div class='ocr_carea' id='block_1_5' title="bbox 382 5831 715 5957">
    <p class='ocr_par' dir='ltr' id='par_1_5' title="bbox 382 5831 715 5957">
     <span class='ocr_line' id='line_1_35' title="bbox 382 5831 715 5957; baseline -0.015 -22"><span class='ocrx_word' id='word_1_463' title='bbox 382 5865 410 5957; x_wconf 84' lang='lat'><em>†</em></span> <span class='ocrx_word' id='word_1_464' title='bbox 433 5869 507 5952; x_wconf 83' lang='lat' dir='ltr'>Ego</span> <span class='ocrx_word' id='word_1_465' title='bbox 531 5831 715 5933; x_wconf 86' lang='lat' dir='ltr'>iohannes.</span> 
     </span>
    </p>
   </div>
   <div class='ocr_carea' id='block_1_6' title="bbox 0 0 2735 7108">
    <p class='ocr_par' dir='ltr' id='par_1_6' title="bbox 0 0 2735 7108">
     <span class='ocr_line' id='line_1_36' title="bbox 0 0 2735 7108; baseline 0 0"><span class='ocrx_word' id='word_1_466' title='bbox 0 0 2735 7108; x_wconf 95' lang='lat' dir='ltr'> </span> 
     </span>
    </p>
   </div>
  </div>
 </body>
</html>
