5452 7108
1016 561 1475 638 diplomaticus
2069 571 2110 644 tl

304 758 476 844 principis
499 761 536 824 et
558 757 658 825 ducis
681 757 745 824 filii
770 759 859 834 eius,
886 763 922 824 et
947 762 1075 845 qtiarto
1102 779 1196 826 anno
1224 759 1373 824 ducatus
1397 776 1519 827 eorum
1535 761 1657 846 apulie
1682 764 1718 826 et
1741 762 1913 841 calabrie,
1932 783 2052 831 mense
2068 767 2166 832 octu-

305 902 379 989 ber,
405 911 671 998 quintadecima
694 912 900 980 indictione.
927 917 1000 1000 Ego
1024 913 1181 982 alterius
1205 917 1314 981 abbas
1338 916 1485 982 ecclesie
1508 917 1624 984 sancti
1648 917 1810 984 massimi
1827 919 1950 985 nostra
1965 919 2168 1005 pertinente

305 1067 406 1133 etde
429 1065 650 1134 consortibus
672 1066 780 1144 meis,
806 1067 868 1154 qui
890 1071 975 1134 sunt
997 1067 1062 1134 lllii
1086 1069 1264 1154 quondam
1290 1068 1409 1135 alterii
1433 1069 1584 1146 comitis,
1610 1088 1651 1136 eo
1676 1071 1769 1156 quod
1793 1073 1877 1138 ante
1900 1072 2091 1159 subscripti
2116 1077 2166 1140 te-

305 1223 375 1287 stes
392 1219 542 1286 tradidit
557 1221 601 1288 ad
617 1220 809 1287 tenendum
825 1223 861 1288 et
877 1222 1072 1307 regendum
1088 1221 1212 1289 nicola
1228 1222 1430 1302 molinator,
1455 1223 1527 1289 filio
1544 1224 1721 1309 quondam
1738 1224 1855 1302 basili,
1873 1225 2037 1292 inclitum
2053 1245 2164 1292 unum

305 1375 475 1442 molinum
498 1373 738 1460 pertinentem
762 1375 873 1460 ipsius
896 1375 1056 1452 ecclesie,
1083 1375 1177 1462 quod
1200 1376 1402 1442 edificatum
1426 1378 1513 1443 abeo
1537 1376 1704 1444 indubio
1728 1377 1835 1446 tirno,
1854 1379 1944 1454 Ideo,
1963 1378 2056 1444 sicut
2071 1378 2165 1444 dixi-

305 1546 395 1604 mus,
420 1529 495 1614 ipso
520 1528 690 1596 molinum
713 1527 911 1596 cumomni
934 1527 1154 1614 pertinentia
1177 1547 1243 1596 sua
1265 1531 1301 1594 et
1324 1549 1405 1596 cum
1429 1531 1520 1596 mole
1543 1532 1580 1596 et
1603 1531 1801 1597 terraturio
1823 1549 1900 1609 sua,
1926 1534 1962 1597 et
1985 1551 2065 1597 cum
2090 1535 2166 1600 tra·

305 1683 375 1750 sita
397 1687 434 1752 et
456 1685 556 1751 exita
578 1703 644 1752 sua
666 1683 777 1770 ipsius
800 1684 932 1752 ulcolai
955 1683 1088 1751 tradidi
1112 1683 1177 1750 tali
1200 1663 1345 1762 ordine,
1371 1687 1410 1752 ut
1432 1685 1557 1752 amodo
1581 1687 1617 1751 et
1640 1704 1751 1772 usque
1777 1705 1885 1752 unum
1910 1707 2044 1755 annum
2068 1709 2184 1757 com-.

305 1835 440 1922 pletum
462 1839 525 1903 s'ue
548 1837 733 1923 potestatis
756 1837 839 1904 illut
861 1839 995 1914 tenere,
1014 1839 1112 1904 sobee
1135 1839 1198 1904 het
1219 1837 1334 1904 omnis
1356 1855 1419 1904 sue
1435 1838 1604 1906 utilitatis
1627 1837 1723 1906 iusta
1748 1839 1887 1906 ratione
1910 1840 1960 1907 ibi
1984 1843 2116 1922 facere,
2129 1849 2166 1910 et

307 1994 442 2078 quanta
465 1992 634 2060 molitura
657 1993 740 2059 inde
764 1993 889 2058 tollere
912 1993 948 2058 et
971 1993 1078 2058 abere
1101 1991 1270 2077 potuerit,
1286 1991 1420 2060 'amodo
1443 1995 1480 2058 et
1504 2011 1614 2080 usque
1639 2013 1748 2060 unum
1774 2013 1909 2061 annum
1932 1997 2160 2082 completum,
2249 2043 2258 2054 -

307 2151 419 2214 totum
442 2147 525 2214 illut
547 2147 615 2214 sibi
638 2149 781 2224 abeant3
808 2149 946 2214 tantum
970 2146 1094 2213 amodo
1119 2148 1155 2211 et
1179 2163 1289 2232 usque
1314 2147 1388 2232 ipso
1412 2147 1658 2224 constitutum,
1686 2167 1752 2234 per
1776 2148 1890 2215 omnis
1913 2169 2034 2216 mense
2057 2152 2167 2218 deant

306 2301 352 2370 ad
375 2302 520 2369 missum
545 2321 673 2378 meum,
692 2302 748 2368 vel
772 2303 815 2369 de
830 2301 991 2386 partibus
1015 2299 1125 2386 ipsius
1149 2300 1310 2374 ecclesie,
1329 2300 1486 2388 quinque
1510 2301 1626 2368 modia
1642 2301 1685 2367 de
1701 2321 1856 2387 granum
1881 2305 2011 2387 tionum
2034 2306 2079 2372 ad
2096 2326 2167 2374 mo-

293 2427 403 2522 dium
426 2455 642 2522 dominicum
655 2457 899 2541 plateaticum.
926 2457 971 2520 Et
993 2458 1133 2542 quando
1158 2475 1341 2523 necessum
1365 2457 1474 2523 suerit
1498 2457 1597 2523 nobis
1621 2476 1811 2524 macenare
1834 2477 1898 2543 pro
1923 2463 2082 2536 nostrum
2103 2480 2165 2527 ex-

306 2609 490 2698 spendium
503 2611 545 2676 de
558 2609 636 2696 ipsa
647 2630 743 2687 casa,
754 2611 836 2678 illut
849 2609 948 2676 nobis
961 2628 1150 2677 macenare
1163 2610 1310 2688 saciant,
1325 2613 1457 2698 absque
1470 2613 1565 2679 omni
1575 2611 1759 2680 molitura.
1771 2613 1816 2678 Et
1829 2613 1970 2699 quando
1984 2632 2166 2684 necessum

305 2763 415 2831 tuerit
427 2765 472 2831 ad
495 2763 571 2850 ipso
595 2765 766 2831 molinum
790 2763 881 2832 mole
906 2767 942 2831 et
954 2759 1164 2843 serraturis,
1190 2764 1274 2832 illut
1302 2764 1336 2831 ei
1359 2765 1446 2831 dare
1470 2765 1659 2832 faciamus.
1678 2768 1722 2832 Et
1745 2766 1776 2832 si
1799 2766 1896 2832 infra
1910 2766 1986 2852 ipso
2000 2766 2172 2834 constitu-

306 2919 381 2984 tum
394 2919 468 3004 ipso
482 2916 652 2985 molinum
664 2937 701 2984 se
718 2917 892 3005 rupperit,
907 2935 1006 2984 seum
1019 2917 1048 2984 si
1062 2937 1150 3003 gens
1163 2935 1269 3004 super
1281 2936 1321 2985 ec
1333 2918 1428 2985 cibes
1442 2917 1592 2996 benerit,
1608 2918 1797 3004 inputante
1820 2917 1903 2985 inde
1919 2918 1986 2985 sibi
2002 2938 2065 3004 pro
2091 2901 2164 2986 una

309 3070 365 3136 die
378 3070 624 3148 conciandum,
642 3071 717 3158 ipso
741 3071 912 3140 molinum
935 3073 1100 3139 conciare
1124 3072 1309 3148 faciamus,
1323 3073 1360 3137 et
1374 3074 1548 3158 quantum
1564 3090 1673 3158 opera
1690 3071 1899 3156 perdiderit,
1914 3089 1978 3158 per
1991 3072 2166 3138 rationem

310 3229 353 3297 de
376 3229 454 3316 ipsa
476 3227 646 3294 molitura
668 3227 798 3294 exinde
820 3225 1036 3313 inputemus:
1053 3225 1098 3293 ad
1114 3226 1190 3312 ipso
1205 3225 1437 3292 constitutum
1461 3225 1537 3310 ipso
1553 3223 1729 3291 molinum
1752 3225 1955 3291 conciatum
1978 3244 2059 3290 cum
2075 3225 2167 3291 mole

310 3379 346 3451 et
369 3383 564 3452 ferraturis
586 3401 651 3450 sua
675 3381 866 3448 remictant
889 3381 934 3448 ad
948 3383 1063 3458 mea,
1100 3379 1158 3446 vel
1182 3379 1224 3446 de
1248 3377 1409 3466 partibus
1433 3377 1545 3464 ipsius
1568 3379 1732 3448 ecclesie.
1769 3379 1816 3445 De
1839 3399 1911 3466 qua
1944 3399 2008 3464 per
2032 3383 2169 3445 combe-

310 3537 448 3604 nientia
470 3536 604 3622 guadia
626 3535 735 3602 michi
758 3535 833 3621 ipse
858 3535 975 3602 nicola
998 3535 1078 3602 dedi
1102 3537 1139 3601 et
1161 3534 1393 3603 mediatorem
1417 3535 1506 3602 mihi
1530 3535 1649 3620 posuit
1672 3535 1845 3600 iohannes
1868 3532 1911 3600 de
1934 3533 2106 3610 sellecta,
2133 3539 2170 3599 et

310 3711 374 3777 per
396 3693 475 3778 ipsa
497 3690 631 3777 guadia
653 3689 827 3775 obligavit
849 3707 886 3755 se
910 3659 984 3776 ipse
1007 3689 1126 3756 nicola
1149 3692 1185 3756 et
1208 3707 1289 3756 suos
1313 3688 1459 3768 eredes,
1486 3691 1525 3756 ut
1548 3689 1591 3766 si,
1618 3689 1714 3757 siout
1737 3687 1872 3756 dictum
1896 3689 1974 3764 est,
2000 3687 2089 3754 mihi
2114 3687 2170 3752 vel

310 3846 349 3912 in
371 3863 455 3930 pars
479 3843 589 3931 ipsius
612 3843 759 3910 ecclesie
783 3862 854 3910 non
877 3841 1153 3925 adimplebant,
1190 3844 1226 3908 et
1249 3841 1385 3928 aliquid
1409 3841 1491 3909 inde
1515 3841 1791 3918 contradixerit,
1828 3859 1892 3926 per
1925 3840 2005 3926 ipsa
2034 3838 2169 3924 guadia

312 4016 521 4084 componere
543 3997 718 4083 obligavit
739 4015 777 4063 se
799 3997 874 4082 ipse
898 3996 1027 4072 nicola,
1053 3999 1089 4062 et
1111 4015 1191 4064 suos
1215 3995 1338 4063 eredes
1361 3997 1477 4075 mihi,
1510 3995 1569 4062 vel
1592 3995 1631 4064 in
1654 4015 1738 4082 pars
1762 3994 1873 4081 ipsius
1895 3993 2070 4067 ecclesie,
2107 3990 2171 4058 tri-

312 4152 415 4238 ginta
437 4151 518 4216 auri
541 4150 670 4217 solidos
692 4149 1009 4224 constantinianos3
1035 4151 1071 4215 et
1094 4150 1236 4236 quando
1260 4148 1339 4236 ipsa
1354 4149 1490 4218 molina
1514 4149 1665 4236 ruperit,
1684 4149 1760 4234 ipse
1784 4148 1902 4215 nicola
1918 4145 2082 4214 manibus
2098 4145 2171 4211 suis

313 4307 362 4374 ibi
386 4307 569 4382 adiubare,
595 4303 687 4391 quod
710 4303 837 4390 scripsi
860 4321 925 4387 ego
949 4301 1114 4369 alderissi
1139 4302 1315 4369 notarius.

358 4463 386 4552 †
409 4464 483 4548 Ego
506 4462 678 4528 iohannes
702 4477 757 4524 me
780 4456 988 4542 subscripsi.

358 4615 386 4707 †
409 4619 484 4701 Ego
508 4613 710 4682 ademarius
734 4613 824 4678 teste
847 4630 904 4678 me
926 4563 1157 4696 subscripsi..

1098 5023 1363 5106 MLXVII

1095 5273 1154 5348 A.
1181 5268 1239 5344 D.
1267 5267 1390 5344 1046

358 5513 448 5606 †ln
472 5514 613 5582 nomine
635 5511 769 5580 domini
791 5510 958 5578 vicesimo
982 5528 1073 5576 nono
1097 5526 1191 5576 anno
1216 5505 1438 5593 principatus
1461 5501 1596 5570 salerni
1620 5499 1738 5568 domni
1765 5497 1876 5565 nostri
1899 5497 2108 5583 guaimarii,
2135 5501 2171 5566 et

315 5687 406 5738 nono
429 5689 523 5736 anno
546 5666 770 5754 principatus
782 5664 858 5732 eius
869 5683 994 5750 capue,
1021 5665 1059 5730 et
1070 5664 1195 5730 octabo
1209 5680 1303 5729 anno
1315 5660 1465 5727 ducatus
1476 5658 1553 5725 eius
1565 5655 1689 5724 amalfi
1712 5655 1749 5721 et
1765 5652 1983 5729 surrentum,
1998 5655 2035 5717 et
2048 5650 2173 5736 quinto

316 5843 409 5892 anno
431 5819 1033 5911 suprascriptorumprincipatuum
1056 5819 1093 5883 et
1115 5816 1310 5883 ducatuum
1333 5813 1453 5881 domni
1476 5811 1595 5898 gisulfi
1618 5810 1694 5878 eius
1718 5809 1785 5876 filii
1809 5805 1933 5874 eximii
1949 5803 2121 5892 principis
2136 5807 2173 5870 et

459 6007 530 6066 Tou.
550 6021 600 6065 vu.
2084 5985 2101 6042 3
