5454 7104
1010 479 1416 554 ithLOMltTlCUS
1609 471 1612 477 ¹
2043 478 2111 551 les

310 678 353 746 de
377 681 456 767 ipsa
481 682 599 752 rebus,
618 680 709 766 quod
726 679 800 765 ipse
823 679 1001 766 predictus
1016 679 1200 746 lanbertus
1223 678 1364 746 dicebat
1387 679 1508 744 tenere
1525 675 1569 742 ad
1586 674 1832 749 lacerandum,
1860 693 1922 760 pro
1946 691 2029 760 pars
2045 673 2156 758 ipsius

310 831 519 900 monasterii
544 832 668 900 diebus
692 833 765 899 vite
788 851 873 908 sue;
899 831 941 898 de
966 851 1036 918 qua
1060 849 1124 918 per
1158 830 1417 898 combenientia
1448 829 1582 916 guadia
1616 829 1691 916 ipse
1714 828 1939 916 supradictus
1962 829 2159 896 lambertus

308 987 443 1072 guadio
467 986 576 1074 ipsius
600 987 751 1073 predicti
775 985 894 1054 domni
918 987 1037 1054 abbati
1060 1006 1124 1072 pro
1148 1005 1232 1072 pars
1244 985 1354 1072 ipsius
1367 982 1665 1052 monasteriidedi
1689 985 1726 1049 et
1740 982 2016 1050 fidemiussorem
2039 983 2081 1048 ei·
2097 1001 2158 1068 po-

309 1141 380 1208 suit
403 1143 458 1208 leo
482 1141 657 1227 presbiter
672 1141 715 1207 de
731 1139 852 1206 eodem
864 1141 981 1206 locum
1004 1141 1092 1225 aput
1115 1141 1233 1205 monte
1249 1138 1362 1205 fllium
1377 1139 1553 1224 quondam
1567 1135 1673 1223 petri;
1691 1139 1728 1204 et
1743 1157 1807 1223 per
1830 1137 1908 1224 ipsa
1923 1137 2069 1224 guadia,
2087 1141 2156 1204 etc.
2198 1093 2202 1101 ι

311 1299 455 1366 Scelesta
481 1297 613 1364 corileto
635 1299 779 1362 centron
813 1296 900 1361 curt
932 1293 1130 1360 solidorum
1152 1295 1545 1362 constantinensem.
1584 1292 1701 1360 Etiam
1724 1290 1865 1363 dicebat
1899 1293 1973 1378 ipse
2008 1292 2161 1358 domnus

311 1455 432 1528 abbas,
459 1455 500 1517 ut
522 1450 600 1536 ipsa
622 1450 785 1536 predicta
808 1451 914 1518 rebus
937 1451 1031 1516 esset
1054 1449 1293 1534 pertinentem
1317 1450 1355 1516 in
1379 1450 1535 1536 predicto
1561 1451 1776 1519 monasterio
1811 1470 1833 1518 a
1857 1448 2034 1536 quondam
2057 1445 2163 1532 guai-

313 1603 390 1674 lerii
413 1605 487 1672 ulio
511 1605 604 1672 idem
627 1605 796 1690 guaiferii
821 1604 972 1681 comitis,
990 1601 1051 1690 qui
1075 1602 1150 1689 ipso
1175 1605 1390 1674 monasterio
1414 1609 1627 1685 construxit,
1646 1607 1739 1694 quod
1764 1605 1963 1674 comuniter
1979 1620 2062 1689 pars
2078 1613 2158 1682 pre-

308 1762 395 1830 dicti
419 1761 624 1832 monasterii
648 1765 731 1829 abet
753 1781 833 1828 cum
857 1779 1001 1848 gemma
1024 1762 1152 1829 relicta
1174 1763 1370 1849 supradicti
1395 1763 1564 1848 guaiferii
1597 1767 1634 1829 et
1656 1763 1732 1830 iilia
1756 1763 1934 1850 quondam
1957 1764 2151 1850 guaimarii

309 1916 463 1984 comitis.
503 1918 599 1984 lnlra
621 1916 863 2003 suprascripto
887 1915 1068 1998 virgulum
1092 1914 1182 2001 legit
1205 1935 1286 1984 cum
1310 1936 1403 1984 eum.
1442 1921 1485 1984 Et
1508 1937 1571 2003 pro
1595 1916 1830 1986 stabilitatem
1864 1918 2012 2004 predicti
2038 1939 2159 1986 mona-

310 2069 412 2136 sterii
437 2069 594 2137 scribere
617 2070 765 2139 fecimus
788 2073 824 2136 te
848 2073 971 2157 petrus
994 2070 1171 2156 presbiter
1195 2074 1232 2136 et
1255 2071 1430 2139 notarius

237 2321 241 2326 ι
356 2223 481 2314 †Ego
505 2224 566 2311 qui
590 2243 701 2312 supra
726 2227 852 2293 Petrus

355 2383 480 2472 †E'g0
504 2383 565 2468 qui
589 2402 699 2470 supra
722 2384 777 2451 leo
801 2381 978 2470 presbiter

355 2535 381 2628 †
406 2540 480 2624 Ego
504 2538 614 2606 maiu.

1118 2919 1350 3002 MGXLI

1078 3202 1137 3277 A.
1165 3199 1222 3274 D.
1251 3201 1378 3276 1050

353 3499 380 3590 †
404 3503 443 3567 ln
467 3503 609 3568 nomine
632 3501 766 3569 domini
790 3502 976 3586 trigesimo
991 3501 1146 3568 secundo
1173 3520 1268 3567 anno
1284 3500 1507 3586 principatus
1530 3499 1651 3568 domni
1670 3504 1783 3576 nostri
1798 3503 1995 3570 Guaimarii
2018 3503 2168 3589 gloriosi

310 3652 494 3738 principia
520 3654 557 3719 et
579 3651 713 3718 decimo
737 3671 831 3719 anno
854 3651 1004 3719 ducatus
1028 3652 1104 3718 eius
1128 3652 1249 3720 amalll
1264 3654 1301 3718 et
1316 3653 1511 3720 sirrentum
1537 3651 1584 3736 ¹),
1610 3658 1646 3720 et
1667 3654 1817 3740 septimo
1841 3674 1935 3724 anno
1958 3655 2157 3741 suprascri-

309 3810 450 3894 ptorum
474 3807 696 3894 principatus
720 3811 756 3874 et
778 3809 973 3875 ducatuum
997 3807 1117 3876 domni
1141 3808 1257 3894 gisolil
1279 3807 1406 3876 eximii
1428 3807 1603 3895 principis
1627 3810 1664 3874 et
1687 3808 1786 3875 ducis
1809 3807 1874 3875 filii
1898 3809 2001 3884 eius,
2039 3825 2160 3875 mense

309 3961 462 4047 magius,
489 3961 607 4048 prima
629 3961 837 4030 indictione.
863 3962 1152 4058 Memoratorium
1177 3960 1274 4028 factu
1298 3979 1321 4028 a
1343 3979 1400 4026 me
1422 3961 1595 4029 iohannes
1612 3963 1808 4029 monachus
1829 3965 1866 4029 et
1881 3965 1991 4030 abbas
2013 3960 2164 4028 ecclesie

309 4117 432 4183 sancte
456 4077 551 4194 solie,
577 4134 646 4202 que
669 4067 876 4183 constructa
900 4117 955 4182 est
977 4115 1073 4182 intus
1097 4134 1164 4181 anc
1184 4115 1447 4183 salernitanam
1471 4113 1665 4187 civitatem,
1683 4115 1922 4202 pertinentem
1945 4115 2064 4183 domni
2086 4119 2165 4202 pal·
2209 4111 2212 4122 '

309 4267 411 4345 delfi,
436 4285 477 4334 eo
501 4268 594 4354 quod
617 4270 701 4334 ante
724 4267 917 4354 subscripti
941 4269 1062 4376 testes,
1088 4285 1160 4335 una
1183 4286 1322 4334 mecum
1346 4267 1469 4335 adesse
1491 4267 1664 4336 iohannes
1688 4269 1842 4336 clericus
1866 4269 2059 4338 adbocator
2087 4287 2166 4355 pre-

309 4421 396 4489 dicti
419 4401 639 4498 monasterii,
658 4421 792 4490 tradidi
816 4422 862 4489 ad
886 4369 1078 4489 tenendum
1102 4425 1139 4488 et
1162 4421 1399 4490 laborandum
1423 4424 1598 4491 romoaldi
1622 4422 1811 4510 presbiteri
1835 4425 1909 4491 lilio
1932 4423 2027 4491 idern
2052 4443 2167 4490 romo-

310 4578 384 4646 aldi
408 4579 599 4666 presbiteri
623 4627 630 4656 ,
669 4599 741 4645 una
766 4579 869 4666 pecia
891 4578 935 4645 de
958 4581 1059 4646 terra
1081 4577 1320 4665 pertinentem
1344 4577 1495 4665 predicti
1521 4577 1752 4652 monasterii,
1791 4597 1859 4665 que
1882 4579 1966 4645 abet
1996 4576 2062 4645 illa
2084 4597 2170 4664 pars

309 4734 418 4802 liubin
441 4732 536 4800 lirno
560 4735 596 4798 et
619 4732 816 4819 propinquo
840 4732 916 4819 ipso
940 4731 1059 4809 flubio,
1085 4731 1152 4799 tali
1175 4731 1327 4810 ordine,
1369 4735 1410 4800 ut
1432 4731 1556 4800 amodo
1579 4736 1616 4800 et
1640 4750 1751 4819 usque
1784 4735 1862 4800 octo
1891 4734 1975 4799 anui
2001 4731 2170 4817 completi

310 4886 490 4956 iamdictis
515 4885 622 4954 terris
645 4885 685 4952 in
708 4905 774 4954 sua
797 4889 833 4953 et
856 4885 899 4952 de
922 4886 996 4953 suis
1020 4885 1210 4954 heredibus
1233 4889 1271 4953 et
1292 4887 1336 4954 de
1360 4887 1520 4954 homines
1543 4903 1612 4974 que
1635 4885 1685 4953 ibi
1709 4885 1856 4952 mictere
1880 4885 2045 4964 boluerit,
2071 4886 2166 4953 esset

309 5043 497 5129 potestatis
521 5042 604 5109 illut
627 5046 754 5110 tenere
779 5045 816 5108 et
839 5043 1035 5119 laborare,
1075 5042 1174 5109 sebee
1198 5044 1235 5108 et
1256 5043 1371 5144 omnis
1394 5059 1458 5109 sue
1481 5040 1649 5110 utilitatis
1673 5041 1767 5110 iusta
1790 5042 1929 5109 ratione
1960 5041 2010 5109 ibi
2034 5043 2165 5110 facere.

310 5202 356 5266 Et
377 5199 498 5266 amodo
522 5201 559 5266 et
582 5217 692 5286 usque
717 5198 793 5284 ipso
816 5197 1050 5266 constitutum
1074 5197 1150 5284 ipse
1167 5196 1371 5264 romoaldus
1393 5196 1569 5283 presbiter
1593 5197 1629 5262 et
1644 5213 1724 5263 suos
1747 5195 1909 5271 heredes,
1927 5213 1989 5261 suo
2012 5197 2173 5281 tempore
2217 5201 2219 5206 '

310 5355 385 5441 ipse
408 5351 517 5421 terris
540 5370 647 5420 arare
670 5355 707 5418 et
729 5350 909 5418 seminare
934 5349 984 5417 ibi
1009 5351 1179 5426 semente,
1206 5351 1310 5437 quale
1335 5347 1385 5417 ibi
1408 5347 1610 5424 meruerit,
1651 5351 1688 5414 et
1710 5364 1775 5434 per
1797 5363 1932 5413 annum
1964 5345 2079 5413 labori
2103 5344 2171 5432 ipsi

309 5527 373 5576 suo
397 5513 555 5596 ternpore
577 5506 738 5575 studiare
761 5505 871 5582 boni,
897 5503 989 5572 sicut
1011 5505 1189 5572 meruerit
1211 5553 1218 5582 ‚
1244 5507 1281 5571 et
1304 5503 1350 5571 ad
1374 5521 1461 5572 area
1484 5502 1645 5579 donare,
1671 5505 1814 5570 etanta
1839 5504 1983 5568 missum
2007 5503 2170 5568 nostrum

349 5756 382 5826 Ι)
402 5755 510 5818 Potius
530 5772 610 5814 nono
632 5769 713 5811 anno
734 5749 868 5809 ducatus
890 5744 1030 5806 sirrenti.
