5372 7106
1197 519 1622 605 DAMIGERON

620 763 628 774 ·
735 739 885 808 doulos
908 735 1117 804 GAVENSE
1440 724 1563 792 Pura.
1590 722 1846 789 AUGTARIUM
1870 722 1932 787 EX
1956 717 2107 788 Goulos
2131 719 2325 788 onvsssl

1826 864 1852 930 f.
1880 862 1954 928 191.

470 1111 567 1178 venti
590 1128 650 1177 cor
674 1108 801 1176 tuleris
818 1108 936 1193 (l).et
958 1099 1149 1171 dormienti
1173 1093 1318 1163 mulieri
1334 1111 1392 1160 su·
1431 1087 1616 1175 posueris,
1653 1088 1684 1155 si
1718 1108 1798 1155 cum
1823 1087 1893 1154 alio
1925 1085 2002 1154 viro
2034 1089 2128 1164 coit,
2164 1087 2260 1155 dicet
2284 1107 2350 1174 per

468 1259 533 1327 per
556 1239 733 1328 pectinem
763 1236 932 1327 posuerit.
958 1235 1094 1302 sicum
1119 1231 1193 1300 alio
1218 1229 1295 1296 viro
1320 1226 1391 1294 coit
1431 1235 1621 1303 somnium,

468 1370 565 1438 dicet
587 1390 651 1458 per
674 1371 866 1439 somnium.

514 1521 620 1608 Lapis
635 1497 783 1588 scissus.
801 1519 933 1587 Scistus
949 1517 1042 1604 lapis
1066 1520 1120 1584 est
1143 1517 1260 1582 colore
1277 1514 1388 1578 tusco.
1477 1517 1588 1600 Lapis
1612 1516 1757 1583 Scistcs.
1776 1514 1908 1583 Scistus
1923 1516 2015 1602 lapis
2029 1521 2084 1585 est
2102 1521 2220 1586 colore
2238 1522 2350 1597 fusco,

468 1673 505 1736 ot
520 1672 643 1758 aliqua
658 1670 696 1736 in
713 1688 750 1736 se
766 1668 955 1736 ostendens
979 1669 1177 1734 subrufam.
1195 1667 1390 1750 oblongum
1432 1663 1468 1726 et
1492 1659 1614 1746 aliqua
1636 1661 1674 1726 in
1698 1679 1735 1727 se
1758 1663 1945 1730 ostendens
1979 1667 2149 1741 subrufa,
2178 1669 2350 1754 oblongus

469 1806 506 1870 et
517 1805 638 1892 spinas
650 1805 786 1872 habens
799 1801 956 1870 deriotas
967 1802 1041 1888 (sic)
1051 1805 1158 1888 prout
1170 1803 1316 1866 alumen
1329 1798 1389 1883 (2).
1434 1799 1524 1882 (cod.
1549 1801 1754 1876 subrufam,
1779 1803 1985 1888 oblongum)
2010 1809 2047 1870 et
2068 1804 2188 1891 spinas
2213 1809 2346 1876 habens

472 1943 573 2006 Hunc
589 1943 707 2008 autem
723 1939 870 2008 scistum
894 1955 1004 2022 supra
1024 1933 1309 2002 memoravimus.
1328 1933 1393 1998 La·
1433 1941 1589 2008 directas
1612 1942 1717 2027 prout
1740 1941 1883 2007 alumen
1908 1943 1997 2029 (stc),
2024 1951 2124 2012 Hunc
2147 1949 2266 2012 autem
2285 1947 2358 2014 sci.

471 2079 570 2163 pides
594 2081 656 2166 qui
680 2081 730 2164 (3)
755 2080 793 2146 in
818 2079 927 2146 vulva
943 2079 1007 2144 aut
1030 2074 1270 2142 ventriculum
1294 2070 1392 2138 cervi
1434 2085 1528 2148 stum
1552 2101 1662 2167 supra
1687 2087 1969 2150 memoravimus.
1996 2086 2104 2172 (quod
2127 2106 2197 2155 non
2222 2091 2337 2177 extat)

471 2213 663 2281 invenitur.
702 2214 790 2280 utile
824 2217 878 2280 est
916 2213 1142 2300 portantibus
1177 2209 1393 2277 mulieribus
1480 2219 1585 2307 Lapis
1609 2222 1699 2303 (cod.
1717 2221 1882 2308 Lapides)
1898 2223 1959 2309 qui
1977 2226 2015 2290 in
2031 2225 2172 2292 vulvam
2191 2231 2254 2293 aut
2270 2246 2354 2294 ven-

408 2423 413 2436 ι
472 2349 730 2436 pregnantibus
756 2355 794 2418 ut
819 2369 888 2418 non
911 2353 1077 2419 aborsum
1102 2349 1264 2417 faciant*
1438 2350 1606 2416 tricolum
1628 2349 1724 2416 cervi
1741 2350 1938 2426 invenitus-
1952 2351 2041 2417 utile
2058 2355 2111 2419 est
2126 2355 2359 2439 portantibus

1437 2491 1646 2558 mulieribus
1684 2493 1968 2577 praegnantibus
2005 2499 2044 2561 ut
2082 2515 2153 2563 non
2189 2500 2356 2567 aborsum

1437 2629 1585 2698 faciant.

516 2779 620 2865 Lapis
643 2777 757 2846 Asi'us.
784 2777 888 2845 Asius
913 2777 1005 2863 lapis
1023 2777 1058 2842 in
1075 2753 1289 2842 alexandria
1314 2779 1396 2842 tan·
1481 2772 1591 2856 Lapis
1628 2771 1744 2836 Astus.
1785 2771 1890 2838 Asius
1926 2774 2017 2858 lapis
2052 2775 2090 2841 in
2126 2777 2350 2845 Alexandria

471 2919 652 2986 tummodo
686 2917 882 2985 invenitur.
919 2919 964 2985 ad
997 2937 1099 2984 usum
1135 2917 1313 2984 medicine
1342 2921 1396 2984 est
1439 2918 1681 2984 tantummodo
1716 2917 1911 2984 invenitur.
1949 2920 2002 2986 Ad
2028 2939 2129 2987 usum
2157 2922 2361 2989 medicinae

469 3054 636 3141 optimus.
656 3057 717 3122 Est
740 3056 858 3120 coloro
874 3055 1048 3122 candidus
1072 3055 1175 3128 levis,
1197 3054 1235 3121 in
1252 3053 1395 3121 modum
1437 3061 1489 3122 est
1513 3052 1679 3139 optimus.
1698 3054 1760 3118 Est
1775 3054 1893 3119 colore
1909 3053 2094 3131 candidus,
2112 3055 2213 3126 levis.
2232 3055 2270 3120 in
2288 3075 2361 3121 mo-

473 3201 640 3284 penicis,
666 3205 703 3268 et
725 3202 837 3268 veluti
872 3200 988 3286 pulvis
1024 3199 1190 3267 manibus
1216 3201 1393 3267 inscdcns.
1438 3191 1521 3258 dum
1546 3189 1716 3275 pomicis,
1742 3191 1779 3255 ct
1801 3191 1900 3256 uelut
1934 3190 2050 3276 pulvis
2077 3193 2241 3260 mauibus
2265 3193 2357 3258 inso-

470 3344 642 3409 Effectum
658 3343 753 3409 enim
778 3343 908 3410 viscide
927 3343 1098 3411 relaxare
1116 3349 1232 3428 potest
1248 3347 1311 3428 (4).
1331 3344 1395 3412 ali·
1438 3325 1537 3392 dens·
1558 3325 1731 3391 Afffflfflffl
1756 3324 1851 3390 essim
1877 3323 2007 3389 Vi803d0
2024 3326 2072 3407 (6t
2085 3327 2228 3410 pluries
2251 3326 2360 3406 infra

473 3479 558 3567 quid
575 3481 670 3548 enim
693 3483 887 3567 salsuginis
904 3485 940 3549 et
956 3480 1115 3566 nigroris
1139 3501 1266 3567 sapore
1282 3487 1398 3550 osten·
1439 3465 1503 3542 εἶθ)
1528 3463 1696 3530 relaxare
1720 3463 1845 3547 Ρῡῐθῦἵ·
1873 3461 2017 3547 Aliquid
2041 3461 2134 3528 essim
2159 3461 2355 3547 salsuginis

475 3617 541 3684 dit·
561 3618 653 3686 unde
669 3623 705 3685 et
721 3638 871 3706 corpora
887 3637 955 3707 que
972 3619 1010 3686 in
1023 3637 1064 3685 eo
1078 3620 1318 3705 repelliuntu-I.
1331 3623 1395 3705 (5),
1439 3598 1476 3660 et
1501 3593 1654 3678 nigrosis
1676 3610 1800 3676 sapore
1822 3591 1998 3668 ostendit;
2033 3591 2125 3658 unde
2148 3595 2185 3658 ot
2207 3610 2359 3674 corpora

477 3759 635 3839 tempore
659 3757 884 3820 consumunt.
908 3755 1131 3840 Quapropter
1154 3774 1259 3840 grece
1283 3775 1399 3823 sarco-
1441 3758 1532 3824 quae
1557 3738 1594 3804 in
1618 3754 1659 3802 00
1681 3734 1914 3820 sepeliuntur,
1941 3735 2097 3820 ῐθΠῚΡΟΓθ
2121 3734 2252 3816 (brevi)
2276 3751 2359 3799 0⁰¹¹·

476 3901 635 3992 phagum
660 3901 900 3988 appellantur·
1440 3873 1586 3940 sumunt
1620 3869 1705 3954 (ur).
1743 3869 1966 3952 Quapropter
2004 3870 2265 3954 sarcophagum
2301 3887 2364 3954 ap-

1441 4010 1589 4097 pellant.

519 4147 624 4233 Lapis
650 4146 834 4232 magniten
859 4129 1042 4212 iuvenitur
1067 4149 1164 4214 circa
1189 4149 1275 4216 litus
1298 4171 1399 4219 ocea-
1484 4154 1594 4238 Lapis
1618 4152 1823 4234 Mopnitcc.
1854 4149 2040 4216 Invenitur
2070 4150 2168 4217 circa
2192 4151 2294 4217 littus
2316 4169 2354 4217 o·

475 4288 525 4364 ni,
550 4287 669 4355 colore
693 4290 849 4356 ceruleo.
877 4290 938 4356 sod
962 4293 1148 4376 probatum
1172 4293 1240 4359 hoc
1263 4295 1399 4361 serrum
1440 4288 1554 4363 ceoni,
1579 4285 1696 4350 colore
1719 4283 1896 4356 caeruleo,
1914 4282 1976 4349 sed
1997 4283 2185 4367 probatum
2209 4284 2275 4348 hoc
2291 4283 2363 4348 icr-

474 4426 519 4496 ad
543 4445 580 4494 se
604 4427 720 4494 trabit
742 4431 779 4494 et
804 4431 912 4496 tenet.
950 4428 1044 4495 vires
1075 4431 1187 4496 habet
1219 4449 1401 4518 expurga·
1440 4447 1504 4507 rc,
1530 4429 1576 4498 ad
1599 4448 1636 4496 so
1661 4428 1824 4496 attrahit.
1854 4481 1862 4496 .
1891 4481 1899 4494 .
1929 4480 1936 4494 .
1963 4430 2189 4514 purgatorias
2214 4434 2362 4517 propter

497 4783 867 4800 m

462 5011 465 5018 '
525 5003 573 5084 (l)
594 5004 638 5064 La
658 5003 766 5082 parole
789 5023 843 5064 cor
864 5007 881 5063 ὲ
904 5003 1015 5063 scritta
1038 5002 1255 5064 chiaramonte
1276 5019 1294 5061 e
1316 5019 1393 5081 pare
1415 4999 1472 5060 che
1495 4999 1594 5062 renda
1605 4997 1730 5077 meglio
1752 5000 1774 5060 il
1790 5019 1883 5062 senso
1905 4997 1989 5062 della
2010 5003 2105 5072 irase,
2122 5008 2244 5064 mentre
2260 5022 2341 5064 oon·

483 5149 599 5210 tuleris
621 5147 761 5228 produce
783 5169 848 5210 uno
867 5149 912 5210 tal
934 5148 1029 5228 quale
1051 5147 1203 5208 oscuritd.

524 5295 572 5374 (2)
593 5293 745 5364 Alcmeo,
769 5313 858 5354 come
880 5313 959 5374 pure
982 5295 1111 5355 uiscide
1132 5313 1209 5355 sono
1231 5292 1302 5353 voci
1323 5309 1481 5354 ammesse
1502 5293 1554 5352 nei
1575 5290 1767 5364 vocabolori;
1790 5290 1826 5350 V.
1849 5292 2020 5354 Forcellini
2042 5295 2082 5355 od
2104 5294 2191 5357 altri.

524 5439 572 5520 (3)
595 5439 736 5516 Lapides
757 5438 814 5517 qui
840 5439 878 5498 in
899 5439 998 5500 vulva
1021 5445 1081 5499 etc.
1104 5457 1166 5499 non
1190 5441 1207 5498 e
1229 5455 1272 5497 un
1295 5437 1427 5497 articulo
1449 5442 1607 5516 separato,
1629 5455 1681 5497 ma
1703 5437 1755 5496 nel
1776 5457 1808 5500 n.
1832 5455 1860 5499 c.
1881 5438 2023 5499 escritto
2045 5439 2077 5499 in
2099 5439 2341 5502 continuatione

484 5585 557 5647 dotl'
573 5585 703 5646 anticolo
724 5585 912 5664 precedente
936 5583 1037 5662 Lapis
1058 5585 1177 5645 scissos
1199 5589 1259 5645 etc.

523 5731 571 5812 (4)
593 5730 620 5791 Il
642 5751 673 5792 n.
697 5749 725 5792 c.
749 5728 1034 5822 scrichEffcctum
1057 5747 1117 5790 non
1140 5728 1312 5807 Affectum.

524 5878 572 5955 (5)
594 5878 638 5938 La
660 5878 778 5939 lesione
802 5877 1013 5956 sepeliuntur
1035 5880 1052 5936 t
1073 5875 1190 5954 giusta:
1215 5875 1238 5935 il
1260 5894 1292 5936 n.
1317 5893 1344 5935 c.
1368 5879 1443 5955 port
1464 5875 1566 5938 scrire
1588 5873 1815 5952 repeltiuctur
1836 5895 1896 5938 non
1917 5877 2139 5955 sepeliuntur.
