5454 7104
648 414 715 486 132
1287 415 1463 490 OODEX
1492 414 1764 493 cavensis

598 629 731 681 annum
755 611 850 679 intra
874 611 988 697 ipsum
1012 613 1256 692 constitutum,
1276 615 1417 704 quando
1443 615 1631 691 voluerint,
1657 615 1866 699 potestatem
1890 614 2047 680 habeant
2062 611 2179 698 ipsam
2205 609 2453 690 traditionem,

599 765 658 835 ubi
681 767 879 844 meruerit,
905 767 1097 846 conciare,
1124 770 1306 857 cooperire
1333 788 1444 857 usque
1467 769 1583 858 ipsum
1606 769 1838 837 constitutum
1861 768 1997 836 faciant
2021 786 2102 835 cum
2125 765 2296 836 scindulis
2318 766 2456 835 etalio

596 917 822 1002 lignamina,
848 921 1004 1007 qualiter
1028 921 1223 989 voluerint.
1250 921 1304 989 Ad
1329 922 1542 1008 completum
1564 921 1681 1008 ipsum
1704 921 1962 998 constitutum,
2002 922 2122 1008 siege
2147 925 2208 989 vel
2236 939 2457 990 successores

455 1149 458 1154 ,
597 1085 702 1148 meos;
727 1089 789 1138 seu
813 1090 896 1158 pars
920 1074 1080 1159 predicte
1106 1073 1256 1142 ecclesie
1282 1070 1481 1162 lignamina
1504 1075 1583 1161 ipsa
1604 1076 1648 1143 de
1671 1075 1841 1144 iamdicta
1864 1075 2060 1144 traditione
2082 1093 2202 1144 emere
2218 1075 2453 1152 voluerimus,

597 1225 663 1293 illa
684 1227 721 1293 et
743 1227 820 1294 eius
843 1227 967 1295 eredes
991 1229 1029 1297 in
1053 1230 1132 1315 ipsa
1154 1225 1350 1300 traditione
1373 1231 1570 1310 dimittant,
1588 1235 1624 1299 et
1646 1231 1769 1300 demus
1794 1231 1876 1299 inde
1899 1231 1951 1299 eis
1977 1233 2069 1298 iusto
2092 1230 2260 1318 pretium,
2278 1234 2451 1318 quantum

595 1379 687 1447 iuste
710 1381 820 1448 luerit
843 1381 1050 1468 appretiata
1070 1409 1078 1458 ;
1118 1385 1209 1453 etsi
1233 1385 1334 1453 illam
1361 1388 1505 1454 hemere
1530 1386 1773 1460 noluerimus,
1814 1386 2023 1472 potestatem
2047 1386 2205 1452 habeant
2229 1386 2297 1452 illa
2318 1388 2357 1452 et
2379 1381 2456 1452 eius

597 1537 744 1605 heredes
767 1539 937 1605 excutere
960 1538 1004 1605 de
1027 1539 1108 1627 ipsa
1131 1539 1324 1608 traditione
1348 1543 1424 1608 tota
1447 1541 1525 1627 ipsa
1548 1539 1766 1627 lignamina,
1791 1542 1828 1606 et
1850 1537 1969 1606 omnia
1991 1538 2137 1606 illorum
2160 1510 2269 1606 causa
2291 1538 2450 1612 movilia,

596 1694 634 1758 et
655 1696 799 1779 portare
823 1695 882 1762 ubi
906 1695 1115 1772 voluerint,
1151 1697 1228 1763 sine
1251 1696 1510 1764 contrarietate
1534 1714 1614 1763 mea
1638 1697 1693 1762 vel
1716 1694 1760 1762 de
1783 1713 1878 1762 meos
1900 1711 2149 1770 successores,
2182 1711 2244 1760 seu
2277 1692 2320 1759 de
2346 1697 2455 1779 parte

596 1845 753 1931 predicte
775 1849 935 1924 ecclesie,
953 1852 990 1915 et
1014 1849 1154 1916 faciant
1177 1844 1306 1916 exinde
1332 1849 1426 1934 quod
1449 1849 1638 1925 voluerint,
1656 1847 1824 1915 similiter
1847 1849 1884 1914 et
1906 1849 1936 1914 si
1960 1846 2043 1914 aliis
2066 1846 2132 1913 illa
2154 1803 2283 1912 velex
2308 1846 2387 1933 ipsa
2405 1845 2451 1912 ad

598 1999 818 2068 residendum
841 2010 877 2069 et
900 2001 946 2070 ad
969 2001 1178 2071 avitandum
1201 2001 1401 2078 dederint,
1439 2005 1646 2090 potestatem
1670 2004 1828 2069 habeant
1850 2001 1933 2068 inde
1955 2002 2058 2069 exire
2080 2021 2161 2069 oum
2183 2001 2349 2069 omnibus
2371 1999 2453 2067 illo-

598 2173 675 2220 rum
699 2154 828 2222 causis.
869 2159 913 2222 Et
935 2175 999 2242 per
1022 2156 1308 2224 convenientiam
1334 2156 1408 2245 ipsa
1432 2156 1559 2224 aloara
1581 2156 1716 2243 guadia
1738 2157 1849 2224 michi
1872 2157 1970 2224 dedit
2003 2159 2041 2223 et
2061 2127 2303 2224 fideiussorem
2338 2154 2450 2222 michi

596 2305 713 2388 posuit
735 2307 921 2392 pulcarum
944 2305 1133 2375 diaconum
1156 2307 1274 2376 tilium
1298 2311 1463 2395 stephani
1484 2335 1492 2386 ;
1533 2311 1569 2375 et
1592 2327 1655 2395 per
1678 2308 1791 2394 ipsam
1826 2309 1995 2394 guadiam
2020 2277 2201 2395 obligavit
2229 2325 2267 2376 se
2301 2311 2339 2375 et
2371 2327 2452 2376 suos

595 2458 743 2526 heredes
766 2459 961 2548 adimplere
984 2460 1093 2528 michi
1116 2464 1153 2529 et
1176 2463 1221 2530 ad
1245 2481 1471 2530 successores
1495 2481 1589 2530 meos
1613 2466 1650 2529 et
1671 2461 1717 2530 ad
1740 2465 1879 2549 partem
1902 2463 2061 2550 predicte
2093 2463 2241 2530 ecclesie
2264 2462 2389 2530 amodo
2412 2467 2448 2529 et

597 2629 707 2698 usque
722 2611 761 2680 in
775 2611 892 2699 ipsum
915 2617 1149 2682 constitutum
1173 2615 1312 2692 omnia,
1339 2614 1433 2682 sicut
1455 2633 1565 2702 supra
1588 2615 1734 2702 legitur.
1754 2617 1799 2682 Et
1821 2616 1864 2690 si,
1889 2616 1981 2683 sicut
2003 2618 2168 2703 superius
2190 2616 2362 2703 scriptum
2386 2620 2451 2692 est,

595 2769 674 2856 ipse
695 2769 820 2836 aloara
842 2770 878 2837 et
900 2767 977 2835 eius
1000 2768 1177 2845 heredes,
1203 2767 1312 2835 michi
1338 2771 1374 2835 et
1397 2768 1442 2836 ad
1467 2787 1563 2837 meos
1585 2787 1804 2837 successores
1827 2771 1863 2836 et
1887 2771 1933 2837 ad
1957 2775 2097 2857 partem
2121 2769 2279 2857 predicte
2302 2769 2459 2838 ecclesie·

597 2941 667 2990 non
689 2922 975 3011 adimpleverint,
1001 2926 1038 2990 et
1060 2923 1318 3011 suprascripta,
1345 2923 1403 2988 vel
1426 2941 1472 2990 ex
1496 2923 1548 2990 eis
1571 2923 1726 3011 quicqua
1746 2943 1928 2992 removere
1951 2927 2015 2992 aut
2030 2925 2275 2992 contradicere
2292 2943 2453 3011 presum-

596 3075 744 3162 pserint,
770 3095 834 3164 per
856 3077 970 3164 ipsam
995 3077 1165 3164 guadiam
1189 3073 1369 3163 obligavit
1391 3095 1429 3144 se
1451 3079 1488 3145 et
1510 3095 1591 3144 suos
1614 3076 1763 3145 heredes
1786 3097 1995 3164 componere
2019 3077 2140 3155 michi,
2166 3081 2226 3146 vel
2249 3079 2294 3146 ad
2317 3097 2459 3146 succes

595 3247 692 3296 sores
714 3247 821 3307 mooe,
838 3247 899 3295 seu
923 3229 969 3297 ad
992 3231 1133 3317 partem
1154 3228 1318 3315 predicte
1343 3228 1491 3296 ecclesie
1508 3228 1772 3316 qunquaginta
1794 3230 1876 3296 auri
1901 3228 2027 3296 solidos
2043 3227 2363 3298 constantinianos.
2380 3233 2451 3298 Ve-

596 3383 786 3451 runtamen
809 3381 901 3450 utin
917 3383 1032 3468 ipsum
1056 3381 1289 3450 constitutum
1316 3380 1395 3468 ipsa
1418 3385 1517 3450 terra
1542 3401 1655 3451 vacua
1670 3401 1750 3451 cum
1766 3383 1852 3470 ipsis
1875 3382 2073 3470 parietibus
2098 3383 2222 3451 redeat
2236 3384 2281 3451 ad
2297 3387 2459 3470 potesta·

596 3542 670 3608 tem
690 3537 734 3606 de
756 3538 918 3624 partibus
941 3536 1102 3624 predicte
1125 3535 1278 3603 ecclesie
1301 3584 1309 3612 ‚
1345 3535 1376 3603 si
1400 3535 1478 3622 ipsa
1501 3537 1700 3624 lignamina
1722 3557 1805 3625 pars
1827 3538 1986 3624 predicte
2009 3539 2186 3616 ecclesie,
2208 3542 2319 3641 ‘sicut
2340 3557 2449 3626 supra

595 3691 869 3778 scriptumest,
894 3709 1013 3758 emere
1036 3691 1252 3768 noluerint,
1290 3693 1328 3758 et
1352 3693 1389 3757 in
1413 3691 1529 3778 ipsum
1552 3691 1780 3761 constitutum
1804 3691 1989 3762 licentiam
2012 3695 2142 3763 habeat
2164 3694 2242 3780 ipsa
2266 3695 2391 3762 aloara
2412 3698 2457 3760 et.

595 3843 670 3911 eius
693 3843 841 3911 heredes
865 3845 902 3911 et
925 3844 1099 3921 homines,
1125 3849 1212 3930 quos
1235 3842 1281 3910 ad
1308 3839 1533 3912 residendum
1558 3847 1614 3912 vel
1637 3846 1682 3914 ad
1707 3847 1914 3914 abitandum
1937 3847 2003 3915 illa
2027 3849 2152 3914 velex
2176 3843 2252 3934 ipsa
2273 3843 2452 3922 dederint,

596 3999 679 4068 inde
701 4000 801 4082 exire
824 4019 905 4066 cum
929 3999 1089 4065 omnibus
1112 3998 1257 4066 illorum
1287 3999 1417 4078 causis,
1444 4001 1480 4066 et
1502 4001 1556 4067 ire
1579 4000 1640 4068 ubi
1664 4000 1855 4080 voluerint3
1880 4001 1925 4068 de
1948 4001 2200 4089 suprascriptis
2224 4021 2308 4070 vero
2335 4001 2452 4089 ligna-

596 4152 702 4220 minis
724 4152 802 4239 ipsa
824 4147 948 4219 aioara
970 4153 1007 4218 et
1030 4152 1107 4219 eius
1131 4152 1281 4220 heredes
1305 4153 1360 4218 sic
1383 4151 1467 4220 inde
1490 4155 1726 4240 permaneant
1747 4173 1829 4221 cum
1851 4154 2012 4241 partibus
2035 4154 2203 4222 iamdicto
2227 4156 2386 4235 ecclesie,
2403 4156 2449 4222 si-

597 4311 658 4375 cut
679 4327 789 4396 supra
811 4305 961 4394 legitur.
988 4309 1033 4374 Et
1056 4306 1221 4394 quoniam
1248 4307 1327 4394 ipsa
1351 4305 1478 4375 aloara
1500 4307 1618 4376 suerat
1641 4326 1733 4375 uxor
1754 4305 1901 4375 iohanni
1924 4307 2140 4394 presbiteri,
2175 4309 2316 4378 dicebat
2338 4328 2375 4377 se
2398 4308 2449 4376 vi-

597 4483 680 4533 vere
703 4465 747 4533 ad
770 4465 886 4551 legem
911 4461 1212 4540 romanam‚.ideo
1237 4463 1303 4531 hec
1335 4461 1581 4550 suprascripta
1604 4462 1689 4529 fecit
1710 4459 1905 4529 secundum
1927 4461 2044 4548 legem
2067 4463 2104 4528 et
2118 4478 2344 4530 romanorum
2366 4479 2447 4528 con-

595 4617 817 4686 suetudinem
840 4636 904 4703 per
927 4615 1098 4684 iamdicta
1120 4615 1255 4703 guadia
1285 4619 1322 4683 et
1344 4615 1578 4702 obligationis
1600 4634 1742 4703 penam.
1783 4618 1829 4684 Et
1851 4615 1975 4684 taliter
1997 4616 2124 4704 scripsi
2157 4634 2223 4702 ego
2246 4613 2457 4683 ademarius.

596 4769 769 4839 notarius.
794 4727 1041 4878 Veruntamen
1065 4769 1126 4839 ubi
1149 4773 1205 4838 est
1228 4769 1470 4838 disturbatum
1494 4769 1582 4838 dicit
1603 4769 1763 4848 iohanni,
1781 4769 1873 4857 quod
1895 4768 2066 4838 subiunxi
2090 4787 2155 4856 ego
2171 4769 2285 4838 dictus
2307 4767 2457 4836 adema-

596 4927 672 4992 rius
695 4924 868 4992 notarius.

639 5075 667 5167 ’ς
690 5081 765 5164 Ego
788 5077 952 5188 alderissi
977 5077 1140 5146 notarius
1164 5095 1221 5146 me
1244 5076 1449 5182 subscribsi.

640 5231 667 5322 †
691 5235 764 5318 Ego
787 5233 956 5301 iohannes
980 5233 1141 5303 notarius
1164 5251 1220 5301 me
1243 5231 1450 5319 subscripsi.

1330 5489 1659 5502 ...a—-n——w-a———o—
