5398 7106
1040 477 1448 552 lliPLOlft'flCUS
2027 477 2095 550 rte

295 671 373 738 finis
397 673 434 738 et
460 670 664 748 mensuris,
690 691 770 740 cum
793 671 955 739 omnibus
978 671 1075 739 infra
1098 633 1136 738 se
1160 669 1375 747 abentibus,
1399 669 1635 758 omnibusque
1658 669 1731 736 suis
1754 669 1983 756 pertinentiis
2007 672 2044 736 ot
2068 686 2150 734 cum

295 822 372 890 vice
395 823 439 889 de
462 823 540 910 ipsa
555 823 625 900 via,
644 843 687 892 ea
711 825 877 900 ratione,
915 827 955 892 ut
976 843 1117 910 semper
1139 824 1386 911 suprascripta
1410 822 1605 890 traditione
1638 821 1688 890 sit
1710 821 1749 890 in
1773 825 1950 909 potestate
1986 813 2143 908 ipsorum

295 976 441 1044 landolfi
464 980 501 1044 et
524 977 631 1062 petri,
657 978 759 1046 etde
782 978 927 1044 illorum
951 975 1088 1044 eredes:
1113 981 1150 1044 et
1173 977 1290 1046 licead
1314 975 1387 1044 illis
1408 979 1447 1052 ¹et
1470 975 1615 1043 illorum
1639 975 1762 1042 eredes
1786 974 1830 1042 de
1853 993 1896 1040 ea
1914 973 2033 1040 facere
2050 973 2152 1061 quic-

294 1129 373 1215 quit
395 1130 562 1198 boloerit.
588 1133 624 1197 et
646 1133 794 1218 propter
817 1132 1097 1200 confirmationis
1121 1131 1201 1198 uius
1224 1130 1428 1198 traditionis
1452 1131 1528 1218 ipse
1551 1129 1701 1196 domnus
1725 1131 1835 1198 abbas
1866 1127 2024 1213 suscepit
2050 1147 2073 1193 a
2096 1146 2151 1194 su·

293 1283 504 1368 prescriptis
527 1283 685 1358 landolfo
709 1286 746 1350 et
769 1287 870 1370 petro
896 1283 963 1370 ipsi
988 1283 1233 1370 quadraginta
1256 1281 1356 1358 tari,
1393 1281 1487 1348 sicut
1510 1281 1588 1366 ipsa
1612 1283 1713 1346 terra
1736 1299 1816 1348 cum
1840 1298 1926 1348 casa
1949 1279 2154 1365 appretiata

292 1436 362 1504 fuit
384 1436 423 1504 in
446 1435 541 1504 omni
563 1431 837 1506 deliberatione.
879 1441 924 1504 Et
946 1456 1011 1523 per
1035 1434 1300 1502 combenientia
1325 1437 1399 1520 ipse
1422 1433 1571 1499 domnus
1594 1433 1715 1507 abbas,
1741 1431 1823 1498 dum
1860 1451 2035 1498 unacum
2071 1451 2152 1498 euni

293 1589 432 1656 adesset
454 1589 570 1675 ipsum
595 1589 843 1658 adbocatorem
868 1589 982 1656 eidem
1007 1588 1169 1664 ecclesie,
1194 1586 1366 1673 guadiam
1390 1587 1548 1671 ipsorum
1572 1585 1718 1652 landolfi
1740 1587 1776 1651 et
1800 1584 1894 1670 petri
1917 1555 2028 1661 dedit,
2048 1587 2085 1664 et
2107 1585 2151 1652 n-

292 1742 510 1809 deiussorem
533 1741 567 1808 ei
584 1743 702 1828 posuit
724 1743 805 1828 poto
822 1742 975 1808 clericus
998 1739 1113 1807 eidem
1137 1740 1287 1806 ecclesie
1310 1737 1376 1804 tilii
1393 1739 1570 1825 quondam
1587 1737 1708 1806 alferii
1725 1735 1867 1804 medici.
1894 1741 1938 1804 Et
1954 1757 2018 1823 per
2034 1738 2148 1823 ipsam

291 1890 459 1976 guadiam
484 1892 552 1956 eto.
580 1891 750 1974 Sequitur
772 1893 941 1958 consueto
963 1891 1129 1973 formala
1152 1893 1293 1956 statuto
1324 1890 1459 1956 rrrnlcta
1481 1892 1627 1955 centurn
1657 1891 1745 1957 ouri
1768 1891 1968 1956 solidorum
1983 1895 2151 1960 coustan-
2262 1927 2264 1932 ·

292 2045 532 2111 tiniacorunr.
573 2046 618 2108 m
641 2044 708 2110 due
732 2045 871 2112 cartule
897 2043 1000 2110 unius
1023 2043 1159 2110 tenoris
1183 2043 1265 2108 inde
1290 2043 1447 2108 scribere
1471 2043 1639 2128 precepi,
1666 2062 1732 2110 ano
1758 2062 1867 2129 quam
1890 2044 1959 2129 ipsi
1982 2045 2146 2112 landolfo

291 2198 326 2261 et
349 2197 450 2282 petro
474 2195 536 2282 qui
559 2198 644 2262 sunt
667 2197 813 2282 cognati
838 2195 1029 2272 ratmunt,
1070 2195 1248 2262 etaltera
1272 2215 1380 2282 quam
1404 2196 1488 2280 inde
1513 2192 1643 2262 retinet
1678 2197 1753 2282 ipse
1785 2197 1936 2264 domnus
1960 2200 2084 2265 abbas.
2110 2203 2147 2265 et

290 2348 413 2414 taliter
425 2353 460 2414 te
479 2348 699 2416 romoaldum
724 2349 917 2420 notarium,
943 2350 1004 2435 qui
1028 2348 1232 2424 interfuisti,
1258 2349 1415 2416 seribere
1440 2350 1596 2434 precepi.
1615 2351 1657 2414 et
1673 2369 1714 2416 ec
1739 2369 1937 2416 memorare
1962 2350 2042 2426 feci,
2062 2351 2148 2436 quia

291 2504 365 2587 ipse
389 2502 538 2569 domnus
562 2505 672 2570 abbas
695 2521 759 2589 per
782 2504 906 2570 eadem
930 2502 1189 2569 combenientia
1212 2499 1362 2569 tradidit
1385 2503 1623 2588 suprascripti
1659 2503 1806 2569 landold
1840 2505 1877 2568 et
1900 2503 1994 2588 petri
2018 2502 2147 2569 inclita

290 2657 536 2742 suprascripta
559 2659 660 2722 terra
683 2675 763 2722 oum
788 2674 872 2723 casa
895 2673 959 2741 per
982 2655 1245 2740 suprascriptas
1268 2655 1354 2720 flues
1378 2659 1415 2721 et
1438 2655 1666 2733 mensurius,
1692 2674 1771 2720 curn
1797 2655 1979 2740 integrum
2012 2611 2143 2721 minea-

289 2825 409 2884 neum,
435 2807 528 2894 quod
551 2809 685 2874 facturn
709 2815 762 2874 est
785 2829 808 2875 a
831 2810 926 2875 foras
949 2808 988 2874 in
1011 2807 1089 2894 ipsa
1112 2826 1197 2874 casa
1220 2827 1242 2874 a
1266 2811 1369 2892 parte
1392 2807 1586 2873 occidentis
1610 2809 1656 2874 ab
1679 2808 1758 2894 ipsa
1781 2827 1866 2876 casa
1890 2807 1928 2876 in
1952 2809 2059 2884 foras,
2081 2827 2146 2892 per

232 3033 241 3048 ἱ
287 2961 439 3027 latitudo
463 2961 579 3046 ipsum
603 2961 830 3028 mineaneum
853 2960 960 3047 pedes
983 2963 1085 3036 tres,
1110 2963 1146 3026 et
1170 2979 1234 3046 per
1257 2960 1444 3046 longitudo
1468 2961 1574 3046 pedes
1597 2961 1806 3036 duodecim,
1833 2961 1878 3028 ad
1903 2961 2145 3050 suprascripto

287 3113 380 3179 iusto
403 3112 553 3198 pedem,
580 3113 625 3180 ad
649 3113 848 3180 faciendum
874 3112 957 3180 inde
980 3112 1048 3198 ipsi
1071 3114 1228 3181 landolfo
1250 3117 1287 3178 et
1310 3117 1430 3198 petrus
1453 3115 1490 3178 et
1512 3112 1659 3180 illorum
1682 3113 1876 3204 eredibus,
1903 3113 1996 3200 quod
2022 3116 2144 3179 bolus-

287 3265 372 3340 rint,
399 3267 436 3331 et
458 3283 599 3352 semper
621 3285 706 3351 pars
729 3264 840 3352 ipsius
863 3266 1013 3333 ecclesie
1036 3266 1129 3334 illud
1151 3269 1203 3335 eis
1226 3271 1263 3334 et
1286 3287 1409 3334 eorum
1433 3267 1556 3334 eredes
1572 3267 1767 3335 defendant
1789 3267 1836 3336 da
1851 3288 1972 3336 omnes
1987 3269 2138 3344 omines,

237 3387 239 3392 Ι
285 3418 378 3485 sieut
400 3419 437 3484 et
460 3418 536 3504 ipso
561 3418 654 3485 aliut
677 3421 714 3485 et
737 3419 879 3506 quando
903 3419 1085 3487 boluerint
1107 3438 1171 3507 per
1194 3437 1232 3486 se
1256 3417 1340 3505 ipsis
1362 3417 1449 3486 illut
1471 3420 1676 3498 defendant,
1695 3421 1853 3508 qualiter
1876 3421 2059 3488 boluerint
2075 3439 2140 3506 per

283 3571 454 3640 tamdicta
477 3571 614 3656 guadia
628 3575 665 3638 et
679 3572 841 3658 obligata
863 3589 968 3658 pena.
994 3551 1089 3659 quod
1104 3575 1139 3638 te
1155 3571 1272 3658 ipsum
1289 3572 1509 3640 romoaldum
1533 3573 1715 3642 notarium
1738 3574 1959 3660 subiungere
1983 3575 2142 3660 precepi.

329 3725 356 3816 †
380 3729 455 3812 Ego
479 3726 637 3794 Alferius
661 3727 866 3794 nominatus
889 3727 1060 3794 diaconus
1084 3726 1369 3814 archipresbiter
1393 3729 1429 3792 et
1452 3729 1580 3794 abbas.

333 3877 361 3966 †
385 3879 459 3963 Ego
483 3881 608 3965 petrus
631 3878 808 3964 presbiter
830 3882 867 3945 et
889 3877 1166 3964 primiclericus.

327 4031 354 4120 †
378 4035 452 4118 Ego
478 4033 540 4120 qui
564 4050 677 4118 supra
702 4036 845 4100 amatus
869 4032 993 4099 iudex.

329 4183 356 4274 †
380 4189 454 4272 Ego
477 4191 600 4273 petrus
626 4187 790 4256 notarius
813 4204 869 4253 me
893 4183 1102 4270 subscripsi.

326 4337 352 4426 †
376 4341 451 4424 Ego
477 4340 650 4406 Iohannes
674 4339 836 4407 notarius
860 4357 917 4406 me
940 4335 1149 4422 subscripsi.

1117 4725 1286 4806 MCCI

1057 4959 1118 5037 A.
1144 4958 1202 5034 D.
1229 4959 1355 5036 1054

333 5189 358 5278 †
384 5191 421 5254 Iu
447 5191 588 5256 nomine
611 5189 746 5258 domini
771 5192 1014 5260 tertiodecimo
1038 5210 1133 5260 anno
1157 5190 1381 5278 principatus
1404 5191 1525 5258 domni
1550 5192 1664 5258 nostri
1699 5191 1819 5277 gisulfi
1850 5187 1999 5276 gloriosi
2024 5193 2142 5278 princi

291 5341 372 5426 pis,
398 5361 517 5412 mense
540 5344 693 5429 magius,
718 5346 868 5431 septima
892 5345 1098 5412 indictione.
1124 5345 1344 5411 cumessam
1368 5361 1436 5428 ego
1459 5345 1617 5409 amatum
1643 5342 1794 5409 iudicem
1819 5361 1940 5409 coram
1963 5347 2145 5430 presentia

290 5502 489 5588 supradicti
512 5504 631 5574 domni
655 5507 767 5574 nostri
789 5508 906 5593 gisulfi
930 5507 1149 5576 serenissimi
1173 5509 1210 5574 et
1233 5527 1256 5574 a
1280 5507 1347 5574 deo
1368 5509 1599 5575 conserbatus
1623 5507 1816 5594 princeps,
1851 5509 1938 5573 tunc
1961 5503 1999 5570 in
2022 5501 2144 5570 eadem

291 5656 478 5740 presentia
501 5659 598 5726 venit
620 5659 768 5728 domnus
792 5660 940 5728 alferius
964 5661 1180 5728 venerabilis
1203 5661 1482 5746 archipresbiter
1505 5663 1542 5728 et
1556 5664 1666 5730 abbas
1682 5660 1827 5728 ecclesie
1844 5658 1962 5727 sancti
1978 5657 2142 5734 maximi,

364 5776 436 5834 Tou.
458 5791 498 5834 tr.
1958 5779 1994 5838 32
