5398 7106
976 529 1382 606 DlPLOMleCUS
2010 528 2078 602 tet

277 731 427 800 introitu
451 735 488 798 et
511 731 611 799 exitu
636 735 672 799 et
696 732 770 800 vice
794 731 837 799 de
861 732 928 798 viis
951 731 1037 802 suis.
1063 733 1099 797 et
1122 749 1202 798 cum
1225 731 1345 796 omnia
1368 730 1466 796 intra
1489 747 1527 796 se
1550 729 1654 795 ambo
1678 726 1753 812 ipse
1778 727 1876 812 pecie
1901 726 2128 804 habentibus,

278 887 512 973 omnibusque
534 886 573 953 in
596 885 691 978 ipsis
706 885 968 972 pertinentibus
991 885 1037 952 ad
1059 883 1235 952 securiter
1258 885 1295 950 et
1317 883 1469 950 firmiter
1492 881 1617 950 amodo
1655 884 1692 948 et
1714 899 1854 969 semper
1876 883 1952 969 ipse
1976 882 2127 948 domnus

277 1043 388 1109 abbas
411 1043 448 1108 et
470 1059 550 1108 suos
573 1043 730 1127 posteros
754 1043 791 1108 et
812 1039 902 1107 filios
925 1038 1102 1126 quondam
1125 1038 1245 1106 domni
1270 1037 1441 1126 paldulll,
1464 1037 1510 1106 ad
1534 1057 1684 1124 quorum
1708 1037 1876 1122 potestati
1900 1055 1975 1104 esse
2001 1036 2122 1104 viden-

276 1194 337 1258 tur
360 1190 560 1276 predictum
584 1191 840 1260 monasterium
866 1211 930 1278 per
952 1191 1054 1260 firme
1076 1191 1220 1258 illorum
1245 1189 1498 1276 scriptionibus
1522 1191 1616 1266 illut,
1634 1190 1729 1258 sicut
1751 1189 1886 1257 dictum
1910 1191 1976 1266 est,
1994 1193 2128 1260 haben-

275 1345 379 1420 dum,
406 1345 687 1423 dominandum,
711 1345 987 1432 possidendum,
1013 1347 1050 1412 et
1071 1345 1194 1412 omnia
1215 1345 1347 1412 exinde
1370 1345 1573 1413 faciendum
1593 1392 1611 1420 ‚.
1627 1365 1695 1433 que
1719 1343 1832 1414 eidem
1857 1344 1977 1412 domni
2002 1346 2125 1413 abbati

276 1501 402 1586 suique
426 1499 576 1586 posteris
599 1500 703 1568 etad
727 1517 810 1586 pars
833 1498 994 1568 iamdicti
1017 1499 1226 1567 monasterii
1250 1501 1451 1598 placuerit,
1478 1504 1612 1588 absque
1634 1501 1730 1569 omni
1754 1501 2012 1568 contrarietate
2037 1501 2128 1586 ipso-

277 1675 357 1722 rum
381 1653 543 1722 iamdicti
566 1653 635 1720 viri
658 1657 695 1720 et
717 1655 886 1722 mulieres
905 1701 913 1731 ‚
939 1653 997 1721 vel
1019 1654 1062 1721 de
1086 1653 1230 1721 illorum
1254 1653 1472 1730 heredibus,
1512 1656 1576 1722 aut
1598 1653 1730 1742 cuiqua
1753 1654 1968 1754 hominibus.
1995 1657 2040 1720 Et
2063 1675 2126 1741 pro

278 1810 333 1877 his
357 1809 563 1876 vinditionis
585 1809 800 1876 firmandum
822 1810 957 1876 statuto
980 1807 1095 1895 pretio
1118 1811 1164 1876 ab
1188 1827 1229 1876 eo
1254 1811 1466 1894 receperunt
1481 1809 1556 1896 ipse
1572 1810 1647 1878 risu
1671 1829 1751 1877 eum
1776 1809 1935 1897 predicto
1952 1809 2126 1878 iohannes

232 1947 239 1958 ⁶
278 1964 408 2030 solidos
432 1964 566 2038 decem,
591 1967 628 2030 et
651 1965 727 2050 ipse
752 1964 869 2032 nicola
892 1984 972 2032 cum
996 1963 1178 2032 nominato
1202 1965 1387 2032 benedicto
1410 1965 1538 2050 solidos
1561 1967 1694 2052 septem
1718 1965 1752 2032 in
1767 1985 1872 2033 omne
1895 1965 2127 2033 deliveratio-

288 2135 345 2184 ne.
370 2117 557 2204 Finitoque
581 2117 696 2205 pretio
719 2117 818 2204 ipso,
844 2120 885 2184 ut
906 2089 1039 2184 dictum
1063 2120 1130 2195 est,
1155 2120 1243 2204 aput
1265 2119 1347 2186 illas
1370 2139 1413 2186 ea
1437 2120 1576 2186 ratione
1599 2119 1762 2188 omnibus
1786 2121 1872 2208 ipsis
1897 2123 1966 2190 viri
1990 2124 2026 2189 et
2051 2141 2128 2190 mu·

279 2272 385 2338 lieres
409 2271 579 2357 guadiam
603 2271 714 2358 ipsius
737 2271 857 2339 domni
881 2271 1004 2338 abbati
1043 2272 1219 2338 dederunt
1252 2275 1289 2339 et
1312 2273 1507 2341 mediatore
1543 2279 1737 2361 posuerunt
1774 2277 1981 2346 landenollu
2017 2277 2129 2344 lilium

283 2425 459 2511 quondam
485 2424 648 2492 moraldi.
675 2427 719 2492 Et
741 2443 806 2512 per
828 2425 950 2492 eadem
974 2425 1108 2510 guadia
1131 2428 1200 2492 etc:
1226 2429 1316 2503 Quot
1338 2426 1369 2492 si
1393 2426 1517 2493 taliter
1539 2429 1659 2494 omnia
1684 2432 1724 2496 ut
1745 2430 1880 2496 dictum
1904 2433 1958 2497 est
1981 2431 2066 2497 illut
2092 2433 2130 2498 in

280 2597 364 2664 pars
387 2578 551 2646 iamdicti
575 2578 784 2646 monasterii
809 2597 879 2648 non
902 2577 1178 2664 adimpleverint
1200 2583 1237 2644 et
1261 2582 1422 2646 retroare
1446 2597 1509 2646 seu
1533 2584 1718 2648 remobere
1742 2582 1825 2650 illut
1840 2584 2037 2670 quesierint
2060 2591 2128 2652 etc.

282 2751 491 2818 componere
515 2736 656 2801 centum
682 2731 763 2798 auri
786 2731 914 2799 solidos
938 2733 1179 2800 constantiuos
1203 2752 1266 2820 per
1292 2733 1497 2803 iamdictam
1512 2711 1692 2822 'guadiam
1717 2739 1754 2803 et
1776 2737 1980 2824 predictum
2000 2740 2132 2807 medie-

280 2893 406 2957 tnrem.
433 2891 477 2954 Et
500 2888 624 2956 taliter
645 2907 708 2974 pro
731 2889 835 2955 firma
857 2887 1051 2956 securitate
1073 2889 1198 2974 scripsi
1224 2909 1289 2976 ego
1314 2889 1487 2957 raidolsos
1510 2890 1681 2958 diaconus
1705 2893 1932 2980 primicerius
1964 2898 2001 2961 et
2025 2901 2128 2961 nota-

283 3045 357 3109 rius
381 3061 445 3129 per
469 3039 657 3109 iussionem
680 3041 878 3129 supradicti
902 3041 1022 3109 domni
1045 3040 1198 3128 presulis
1232 3044 1269 3108 et
1302 3063 1382 3112 cum
1407 3044 1569 3111 notitiam
1593 3045 1790 3131 supradicti
1828 3047 1995 3136 castaldei
2033 3050 2134 3115 etde
2189 3143 2196 3150 .

283 3195 369 3283 ipsis
393 3195 612 3284 parentibus.

277 3405 282 3414 .
329 3351 421 3416 an.
447 3353 521 3437 Ego
545 3351 606 3436 qui
630 3368 740 3435 supra
764 3349 906 3416 amatus
932 3347 1116 3436 episcopus
1138 3349 1342 3436 subscripsi.

328 3501 355 3592 †
378 3501 526 3588 Signum
551 3520 678 3570 manus
700 3500 899 3588 supradicti
923 3499 1010 3586 glazi
1033 3499 1220 3566 castaldei.

1058 3913 1343 3998 MCLXIX

1047 4163 1107 4238 A.
1136 4159 1193 4235 D.
1222 4164 1347 4240 1052

326 4400 417 4493 †In
442 4401 582 4469 nomine
605 4401 739 4470 domini
763 4401 942 4471 tricesimo
967 4405 1096 4489 quarto
1120 4423 1214 4471 anno
1237 4401 1461 4490 principatus
1484 4402 1605 4469 domni
1636 4402 1748 4468 nostri
1783 4400 1979 4487 guaimarii
2007 4398 2062 4484 ¹),
2101 4404 2138 4469 et

283 4557 532 4634 tertiodecimo¹
550 4576 645 4624 anno
669 4558 820 4626 ducatus
843 4558 920 4626 eius
944 4560 1065 4627 amalfi
1088 4561 1126 4626 et
1148 4559 1357 4636 sirrentum‚
1384 4561 1420 4626 et
1442 4557 1578 4625 decimo
1603 4575 1696 4624 anno
1720 4556 1945 4645 principatus
1983 4559 2020 4623 et
2042 4555 2137 4642 ipso-

285 4732 364 4779 rum
387 4711 581 4779 ducatuum
603 4713 724 4780 domni
746 4713 868 4800 gisulfi
891 4714 968 4782 eius
991 4713 1058 4782 lilii
1081 4715 1208 4782 eximii
1232 4713 1403 4802 principis
1426 4716 1463 4781 et
1486 4709 1611 4790 ducis,
1638 4730 1759 4780 mense
1782 4713 1983 4797 augustus,
2010 4710 2136 4798 quinta

284 4865 490 4935 indictione.
515 4868 583 4934 Nos
606 4867 779 4935 iohannes
802 4867 895 4935 illius
917 4867 1094 4956 quondam
1118 4867 1277 4956 iaquinti
1298 4871 1335 4934 et
1358 4868 1488 4935 mulier
1511 4869 1653 4935 nomine
1676 4867 1798 4944 lacta,
1841 4867 1904 4953 qui
1930 4863 2058 4932 'sumus
2082 4869 2139 4932 vir

283 5023 320 5088 et
343 5041 435 5090 uxor
458 5025 494 5089 et
515 5021 610 5121 lilius
633 5023 701 5090 fuit
724 4990 900 5111 quondam
925 5022 1080 5090 mirandi
1104 5041 1194 5090 vone
1219 5025 1340 5090 nostre
1365 5021 1558 5089 voluntatis
1581 5023 1666 5088 ante
1689 5019 1881 5107 subscripti
1906 5022 2013 5088 testes
2037 5019 2137 5088 dedi-

285 5195 364 5243 mus
388 5179 425 5244 et
449 5176 662 5245 tradidimus
686 5177 751 5246 tibi
774 5177 931 5244 mirandi
954 5176 1070 5242 omnis
1088 5179 1194 5245 rebus
1218 5179 1343 5244 nostra
1366 5175 1530 5243 stavilcm
1555 5176 1648 5263 quod
1665 5174 1774 5243 nrichi
1799 5175 1894 5242 sacta
1918 5179 2077 5263 pertnet
2092 5175 2138 5243 da

214 5402 220 5410 ,
284 5333 465 5398 nominato
489 5331 674 5399 mirandus
698 5333 840 5419 genitor
863 5335 900 5398 et
922 5351 945 5399 a
967 5330 1180 5418 genitricem
1203 5351 1320 5398 meam
1344 5335 1379 5398 et
1400 5332 1492 5418 quod
1517 5332 1616 5399 nobis
1641 5331 1800 5398 iamdicti
1818 5331 1875 5398 bir
1898 5333 1935 5398 et
1950 5351 2042 5400 uxor
2059 5351 2143 5418 per-

283 5485 376 5554 tinet
398 5485 444 5553 da
468 5486 560 5554 mari
584 5487 735 5554 tratrem
759 5489 796 5553 et
818 5487 1010 5573 cognatum
1035 5487 1195 5552 nostrum
1219 5484 1344 5552 liliumw
1369 5483 1603 5571 suprascripti
1628 5484 1814 5561 mirandi,
1850 5503 1919 5571 que
1942 5487 1997 5552 est
2036 5489 2141 5554 rebus

327 5703 350 5778 ¹)
373 5703 481 5764 Mense
505 5705 649 5781 Augusto
671 5705 875 5768 Guaimarius
886 5705 1033 5786 princeps
1054 5705 1118 5767 iam
1130 5706 1299 5766 defunctus
1322 5711 1401 5774 erat,
1425 5723 1499 5764 nam
1521 5704 1548 5765 si
1563 5684 1674 5765 adhuc
1692 5705 1812 5765 uiueret
1823 5723 1926 5765 annus
1940 5703 2010 5764 eius
2025 5703 2142 5765 Amalfi
2177 5783 2179 5788 Ι

285 5821 371 5876 esset
391 5815 534 5876 decimus
555 5823 698 5896 quartus,

358 5925 429 5984 Tou.
450 5941 501 5986 ru.
1492 5921 1494 5924 ’
1964 5929 2000 5984 24
