5454 7104
612 499 678 572 tls
1262 491 1437 566 CODEX
1466 490 1723 565 CAVENSIS

553 692 706 780 predicti
729 691 950 768 monasterii,
977 691 1016 756 ut
1038 688 1176 776 dirigat
1198 686 1333 757 ibidem
1357 687 1502 754 missum
1525 704 1652 762 suum,
1677 687 1714 750 et
1737 701 1799 751 nos
1822 701 1886 768 per
1908 701 1970 749 suo
1995 685 2152 768 tempore
2175 683 2260 750 illut
2282 681 2412 748 vinde*

556 843 717 920 miemus,
742 845 779 908 et
800 839 914 908 omnis
936 859 1041 928 poma
1063 859 1133 928 que
1155 840 1205 909 ibi
1228 839 1366 918 fuerit,
1392 840 1629 923 colligamus,
1655 841 1692 905 et
1713 836 1913 905 dividamus
1936 837 2020 904 illut
2041 836 2161 924 ibique
2184 854 2248 922 per
2270 835 2419 903 medie.

552 999 693 1074 tatem,
718 999 754 1062 et
777 996 855 1083 ipsa
877 999 971 1062 sorte
994 995 1038 1062 de
1061 993 1136 1080 ipso
1160 995 1312 1071 binum,
1351 992 1444 1080 quod
1467 992 1513 1060 ad
1536 1011 1620 1080 pars
1643 992 1753 1078 ipsius
1777 991 1984 1058 monasterii
2011 990 2095 1057 inde
2118 989 2305 1067 evenerit,
2339 1007 2402 1056 nos

550 1149 633 1216 illut
655 1148 774 1236 ibique
802 1149 839 1216 in
862 1149 986 1216 domus
1010 1151 1135 1217 nostra
1161 1167 1373 1236 reponamus
1396 1148 1436 1214 in
1459 1165 1682 1234 organeum‚
1722 1145 1815 1234 quod
1840 1145 1888 1212 ibi
1911 1147 2083 1241 abemuS,
2120 1145 2212 1232 quod
2236 1144 2336 1212 nobis
2363 1143 2412 1211 de

551 1305 636 1370 ante
659 1301 709 1370 ibi
732 1301 987 1386 adsingnatum
1011 1300 1091 1378 suit,
1117 1318 1182 1388 per
1206 1319 1268 1368 nos
1291 1319 1432 1386 semper
1455 1299 1571 1386 ipsum
1593 1301 1816 1385 horganeum
1838 1297 2039 1366 conciatum
2063 1302 2100 1364 et
2121 1297 2315 1365 studiatum
2338 1297 2402 1364 fiat

552 1455 698 1532 bonum,
723 1455 817 1520 sicut
840 1453 1024 1530 meruerit,
1049 1455 1086 1520 et
1108 1472 1248 1540 semper
1271 1453 1348 1539 ipsc
1373 1423 1496 1520 vinum
1518 1455 1656 1521 salbum
1680 1453 1873 1530 iaciamus,
1899 1471 2009 1540 usque
2033 1452 2117 1518 dum
2141 1452 2223 1517 illut
2246 1449 2327 1518 inde
2352 1454 2414 1518 tu-

552 1607 649 1686 lerit,
674 1609 806 1694 absque
829 1605 1103 1692 degeneratione
1127 1609 1164 1672 et
1186 1605 1309 1692 ingne,
1336 1605 1411 1692 ipso
1436 1605 1581 1673 missum
1598 1606 1742 1674 illorum
1765 1609 1802 1673 et
1824 1622 1930 1692 equm
1953 1603 2029 1671 eius
2053 1621 2115 1671 nos
2131 1585 2330 1670 nutriemus
2350 1602 2403 1670 iu·

556 1765 613 1828 sta
636 1761 831 1838 rationem,
856 1761 949 1828 sicut
973 1763 1096 1829 nostra
1120 1760 1229 1827 fuerit
1252 1759 1527 1847 possibilitatem
1546 1785 1555 1838 ;
1580 1763 1617 1827 et
1640 1779 1703 1846 per
1726 1759 1840 1828 omnis
1864 1777 1999 1827 annum
2021 1757 2144 1825 demus
2167 1757 2311 1824 illorum
2334 1757 2416 1842 pal--

558 1916 803 1990 mentatatica,
828 1915 922 1982 sicut
945 1913 1160 1982 consuetudo
1185 1914 1266 1992 tuit,
1293 1932 1402 2002 quam
1427 1917 1464 1982 et
1486 1915 1660 1982 iaciamus
1682 1913 1832 1982 serbitia
1853 1914 1892 1981 in
1914 1914 2078 2000 partibus
2101 1911 2261 1980 eiusdem
2285 1930 2407 1979 mona-

419 2098 424 2104 ·
558 2069 670 2146 sterit,
695 2067 788 2135 sicut
813 2068 951 2135 faciunt
974 2067 1038 2135 alii
1062 2063 1253 2144 curtesani,
1280 2067 1342 2154 qui
1366 2069 1471 2134 rebus
1494 2068 1605 2155 ipsius
1628 2067 1835 2136 monasterii
1859 2069 1986 2135 tenunt
2008 2066 2055 2134 ad
2080 2064 2345 2143 laborandum,
2371 2068 2415 2132 ct

559 2224 656 2291 omni
679 2228 836 2311 ternpore
863 2225 989 2291 liceret
1011 2241 1095 2310 pars
1118 2224 1225 2310 ipsius
1249 2224 1457 2293 monasterii
1480 2223 1559 2309 ipsa
1582 2227 1686 2291 rebus
1710 2222 1923 2310 requireret,
1948 2222 1979 2290 si
2003 2225 2128 2290 bouum
2143 2241 2215 2289 non
2238 2222 2331 2289 esset
2355 2221 2412 2288 la-

562 2379 750 2453 boratum,
776 2375 938 2463 qualiter
960 2394 1069 2462 supra
1092 2375 1254 2462 legitur,
1279 2377 1389 2446 licere
1412 2396 1475 2445 nos
1498 2377 1581 2444 inde
1604 2377 1822 2463 pignerare,
1845 2380 1882 2443 et
1903 2375 2027 2443 amodo
2050 2379 2088 2444 et
2108 2375 2205 2443 omni
2228 2377 2403 2461 tempore,

556 2527 639 2594 dum
663 2546 726 2596 nos
749 2532 785 2594 et
808 2531 947 2596 nostros
970 2528 1093 2595 eredes
1116 2528 1365 2615 suprascripta
1388 2531 1494 2596 rebus
1516 2529 1738 2596 tenuerimus
1760 2547 1825 2616 per
1847 2527 2055 2610 iamdictum
2078 2526 2290 2604 hordinem,
2316 2530 2416 2594 tunc.

556 2681 718 2767 partibus
741 2680 855 2747 eidem
879 2679 1085 2748 monasterii
1110 2679 1274 2747 inclitum
1299 2681 1382 2748 illut
1403 2699 1468 2768 per
1490 2682 1658 2750 iamdicto
1681 2682 1831 2750 hordine
1854 2681 1954 2750 nobis
1969 2681 2198 2748 defensarent
2220 2699 2302 2747 cum
2327 2679 2403 2748 vice

557 2834 601 2903 de
625 2834 684 2902 via
706 2853 772 2902 sua
794 2835 841 2901 da
862 2834 977 2902 omnis
1000 2835 1187 2922 partibus,
1227 2837 1264 2901 et
1287 2853 1358 2901 non
1383 2833 1468 2901 illut
1490 2835 1591 2902 nobis
1614 2835 1740 2902 tollere
1763 2836 1828 2902 aut
1849 2837 2015 2902 contrare
2046 2835 2201 2920 querat,
2238 2836 2275 2898 et
2297 2835 2416 2919 quale

558 2989 715 3073 tempore
739 3006 801 3054 nos
824 2982 878 3054 vel
902 2990 1040 3054 nostros
1063 2987 1187 3054 eredes
1210 2987 1295 3054 illut
1320 2991 1441 3055 tenere
1457 2987 1687 3064 noluerimus,
1703 2989 1788 3054 tunc
1811 2986 1910 3074 prius
1934 2985 2186 3072 adsingnemus
2208 2985 2287 3072 ipsa
2301 2990 2404 3054 curte

556 3141 722 3208 laborata
745 3143 839 3208 bona
862 3143 899 3206 et
922 3141 1025 3207 clusa
1047 3140 1093 3208 ad
1115 3158 1200 3226 pars
1223 3139 1334 3227 ipsius
1358 3140 1578 3219 monasterii,
1603 3143 1639 3208 et
1661 3141 1770 3209 liceat
1792 3158 1854 3208 nos
1877 3139 1957 3208 inde
1979 3139 2080 3206 exire
2103 3158 2184 3206 cum
2206 3139 2321 3207 omnis
2346 3157 2409 3207 nc-

558 3297 635 3362 stra
658 3291 833 3369 mobilia,
858 3311 927 3380 que
950 3292 999 3361 ibi
1023 3293 1250 3370 abuerimus,
1276 3293 1353 3360 sine
1377 3293 1522 3360 illorum
1546 3293 1828 3370 contrarietate;
1853 3291 1905 3360 sic
1929 3295 2051 3359 tamen
2073 3295 2109 3360 et
2132 3295 2207 3381 ipso
2232 3293 2402 3370 reditum,

559 3467 663 3536 qucm
687 3448 735 3516 ibi
761 3447 977 3527 abuerimus,
1003 3451 1039 3516 et
1061 3447 1281 3536 palmentum
1305 3469 1387 3518 cum
1410 3449 1600 3536 paraturia
1622 3451 1746 3516 suaet
1768 3448 1847 3536 ipsa
1869 3467 2028 3535 organea
2050 3449 2214 3528 illorum,
2240 3449 2411 3536 adsigne-

557 3621 635 3670 mus
658 3602 742 3670 illut
763 3621 898 3670 eorum.
924 3605 972 3668 Dc
995 3622 1066 3690 qua
1089 3621 1153 3688 per
1177 3601 1477 3670 combenientiam
1500 3601 1635 3689 guadio
1658 3602 1759 3672 nobis
1781 3601 1858 3690 ipse
1884 3602 2033 3670 domnus
2067 3606 2177 3672 abbas
2210 3603 2308 3670 dedit
2331 3622 2403 3670 una

555 3774 636 3823 cum
659 3756 871 3825 adbocatore
894 3776 956 3824 suo
978 3757 1016 3824 et
1038 3724 1235 3824 mediatore
1259 3757 1361 3826 nobis
1385 3759 1503 3844 posuit
1526 3759 1607 3844 poto
1630 3757 1783 3823 clericus
1820 3755 1915 3826 illius
1938 3756 2115 3844 quondam
2151 3753 2258 3826 alieri
2299 3757 2419 3824 medi--

556 3924 630 3985 cus;
656 3909 692 3973 et
713 3925 778 3994 per
799 3907 878 3992 ipsa
899 3907 1034 3992 guadia
1056 3909 1235 3994 obligavit
1257 3927 1295 3977 se
1319 3909 1394 3996 ipse
1417 3908 1568 3977 domnus
1583 3911 1693 3976 abbas
1716 3911 1754 3974 et
1775 3927 1859 3996 pars
1882 3906 1991 3996 ipsius
2014 3911 2234 3988 monasterii,
2254 3913 2293 3978 ut
2314 3912 2345 3980 si
2360 3911 2404 3980 de

556 4061 677 4129 omnia
698 4061 942 4147 suprascripta
964 4061 1096 4149 aliquit
1120 4063 1302 4128 remobere
1331 4064 1393 4129 aut
1415 4066 1583 4130 contrare
1614 4062 1811 4151 quesierit,
1848 4063 2001 4150 triginta
2036 4065 2116 4131 auri
2139 4064 2270 4132 solidos
2308 4065 2418 4134 nobis

558 4232 766 4301 componere
788 4215 1106 4283 constantinianus.
1133 4216 1178 4282 nt
1203 4233 1272 4283 unc
1300 4212 1442 4284 brebem
1465 4217 1592 4285 scribsi
1615 4235 1680 4304 ego
1703 4217 1888 4286 dauferius
1913 4217 2075 4287 notarius
2099 4218 2160 4305 qui
2184 4219 2349 4289 interfui.

605 4369 632 4460 †
655 4371 726 4458 Ego
749 4369 811 4456 qui
833 4387 942 4456 supra
965 4369 1136 4436 iohannes
1162 4369 1284 4436 abbas.

603 4521 631 4614 †
655 4526 728 4609 Ego
752 4521 963 4600 Bomoaldus
986 4521 1148 4590 notarius
1172 4539 1229 4588 me
1254 4521 1463 4610 subscripsi.

600 4676 628 4770 †
651 4679 725 4762 Ego
745 4677 921 4764 lohannes
945 4675 1107 4744 notarius
1131 4693 1187 4743 me
1210 4675 1420 4762 subscripsi.

1377 5056 1643 5143 MCXXV

1363 5305 1423 5381 A.
1450 5302 1509 5382 D.
1538 5307 1663 5384 1049

608 5593 697 5686 †ln
722 5599 862 5698 nomine
883 5597 1016 5668 domini
1041 5599 1222 5668 tricesimo
1246 5597 1362 5688 primo
1387 5620 1480 5669 anno
1503 5601 1725 5690 principatus
1748 5604 1867 5672 domni
1891 5604 2004 5672 nostri
2027 5603 2219 5691 guaimari,
2243 5605 2281 5670 et
2304 5602 2422 5670 unde-1

561 5747 652 5818 cimo
674 5768 767 5817 anno
790 5749 940 5820 ducatus
963 5755 1039 5834 elus
1064 5753 1183 5820 amalfi
1208 5756 1245 5821 et
1267 5753 1427 5832 sirrenti,
1453 5756 1490 5822 et
1512 5757 1661 5823 hoctabo
1684 5773 1778 5824 anno
1800 5755 2083 5843 principatuset
2110 5755 2259 5824 ducatus
2282 5755 2412 5828 domui
